2948 4518
246 365 306 430 146
763 367 862 422 Funok

245 536 363 606 ὠκεῖαν
386 543 475 606 τέκεν
492 527 584 622 Ἶριν,
615 534 777 622 ἠυκόμους
806 531 856 601 3³¹
870 532 1052 621 Ἀρεταῖος,
1073 529 1197 602 Ἀελλώ
1221 530 1253 598 ι’
1276 532 1368 600 Ὠκα-

246 635 348 722 τιὲτην
371 661 423 715 τε,
454 635 493 701 a‘t'
512 632 547 721 ῥ’
578 628 706 716 ἀνέμων
737 636 876 720 πνοιῇσι
897 636 951 700 καὶ
975 633 1107 711 οἰωνοῖς
1137 625 1196 716 ἅμ’
1229 631 1368 698 ἕπονται

247 728 363 820 ὠκείῃς
385 732 600 818 πτερύγεσσι·
623 729 835 815 μεταχρόνιαι
850 729 911 815 γὰρ
929 731 1060 816 ἰἀλλον;
1084 732 1181 814 vulgo
1204 730 1369 812 explicant

246 833 436 915 interpretes
469 827 741 912 „pssoqdivsoc‘t
782 849 878 912 quam
911 849 1021 895 vocem
1056 829 1164 895 neseio
1201 848 1265 909 quo
1301 828 1370 892 iure

177 975 178 980 κ
247 928 488 1007 „lberirdisoh“
515 926 696 1011 significare
724 932 867 1009 sumant3
899 927 1114 1009 Goettlingius
1136 925 1239 991 voluit
1265 924 1371 1003 „celer

246 1026 289 1091 ad
311 1027 413 1091 instar
435 1025 618 1108 temporis“,
642 1023 699 1091 sed
721 1024 783 1090 hoo
805 1023 899 1089 nimis
921 1023 1125 1088 artifieiosum
1148 1020 1291 1106 videtur3
1315 1023 1370 1088 alii

248 1123 313 1188 alia
335 1130 568 1205 proposuerunt
591 1142 655 1187 non
671 1121 773 1203 magis
795 1119 986 1204 probabilia.
1023 1119 1129 1206 Etiam
1152 1120 1241 1202 apud
1264 1140 1373 1186 reoen·

247 1222 344 1285 tiores
366 1225 479 1301 po'e'tas
499 1219 620 1302 epioos,
643 1225 678 1283 ut
699 1217 785 1300 apud
807 1216 1014 1312 Apollonium
1036 1216 1196 1282 Rhodium
1220 1219 1373 1300 (11‚3eo;

248 1319 327 1397 589,
361 1316 415 1379 ubi
452 1315 492 1381 de
525 1316 662 1381 navibus
695 1315 840 1395 dietum),
878 1314 1006 1397 saepius
1038 1313 1252 1399 μεταχρόνιος
1286 1315 1372 1380 idern

247 1415 335 1479 valet
357 1412 442 1494 quod
464 1409 651 1493 μετάρσιος,
675 1411 734 1477 sed
756 1418 787 1476 et
817 1411 878 1491 hio,
902 1411 1059 1493 quomodo
1083 1411 1124 1476 ad
1147 1414 1231 1477 hano
1254 1411 1374 1494 signifi-

247 1510 404 1577 oationom
420 1508 610 1593 pervenerit,
633 1509 800 1574 obscurum
823 1514 880 1572 est.
918 1507 1068 1591 Sequitur
1088 1507 1372 1590 parapotamia,

247 1608 335 1674 ouius
351 1607 439 1671 notio
455 1606 582 1690 quidem
599 1604 769 1688 perspioua
786 1609 844 1684 est,
862 1604 949 1686 origo
965 1613 997 1671 et
1011 1608 1082 1689 ipsa
1101 1607 1247 1672 obseura.
1288 1607 1373 1671 Nam

249 1724 440 1787 quamquam
475 1705 559 1768 hano
587 1719 697 1766 vooem
728 1701 887 1779 (scribitur
922 1701 1018 1767 etiam
1052 1700 1274 1784 μεταμώλιος)
1308 1704 1373 1768 vim

247 1801 355 1866 Latini
385 1800 534 1866 adieetivi
564 1799 712 1878 „inanis“
747 1799 867 1865 habero
895 1818 1005 1865 omnes
1034 1800 1251 1882 uomentium,
1286 1801 1376 1867 unde

248 1899 328 1964 haee
351 1898 400 1963 ris
427 1899 469 1963 sit
488 1896 683 1976 derivanda,
714 1915 808 1961 nomo
830 1896 937 1960 adhue
958 1903 1043 1962 oerto
1072 1897 1294 1964 demonstrare
1319 1919 1377 1980 po·

247 1997 316 2061 tuit.
369 1997 559 2077 Plerumque
587 1992 777 2057 vocabulum
807 2011 877 2056 oum
908 1989 1027 2072 ἄνεμος
1056 1993 1259 2077 coniungitur
1287 2015 1373 2061 oom-

247 2100 360 2175 parato
382 2097 490 2156 nostro
513 2091 610 2154 verbo
639 2088 767 2171 soiadiq,
798 2088 922 2154 Graeco
949 2084 1131 2171 ἀνεμώλιος
1153 2096 1185 2156 et
1206 2092 1277 2158 loco
1301 2093 1373 2157 Ari-

247 2189 351 2272 stoph.
382 2190 455 2254 Pae.
488 2192 546 2252 117
580 2179 653 2269 μετ’
690 2177 836 2268 ὀρνίθιον
871 2183 1048 2269 ιιρολιτιὼν
1072 2185 1128 2268 ἐμὲ
1161 2183 1196 2264 ἒς
1228 2186 1372 2270 κόρακας

246 2286 359 2370 βαδιεῖ
391 2283 607 2369 μεταμώνιος,
660 2285 702 2349 Et
737 2283 886 2366 probavit
926 2284 1009 2350 hano
1042 2284 1233 2350 sententiam
1271 2287 1371 2352 etiam

247 2384 370 2450 Pettius
398 2386 447 2461 (ll.
475 2385 510 2448 F.
540 2385 571 2465 Ι,
603 2385 693 2461 757),
723 2381 778 2461 qui
807 2400 825 2446 e
853 2378 1122 2462 *μετανεμωνιος
1150 2380 1269 2448 factum
1299 2404 1374 2451 esse

249 2487 341 2564 putat
370 2479 636 2560 *μετανμωνιος,
663 2475 941 2558 *μεταμμωνιος,
964 2474 1179 2559 μεταμώνιος.
1226 2479 1292 2545 Sed
1314 2483 1373 2546 vix

247 2576 437 2642 crediderim
461 2577 543 2640 tales
572 2593 721 2639 sonorum
750 2574 942 2639 mutationes
964 2575 1182 2642 consimilibus
1211 2579 1373 2661 exemplis
1458 2585 1459 2646 i

247 2694 342 2757 posse
363 2671 502 2755 probari,
527 2691 565 2744 ao
587 2676 763 2754 praeterea,
787 2670 932 2752 quamvis
948 2670 1052 2736 exitus
1074 2670 1192 2747 -ωλιος
1209 2681 1315 2739 exstet
1335 2677 1372 2740 in

249 2765 430 2850 ἀνεμώλιος
460 2768 635 2848 adieetivo,
659 2773 767 2833 tamen
795 2785 889 2833 nemo
912 2765 1018 2834 adhue
1040 2767 1164 2844 -ωλιος
1186 2770 1220 2834 in
1245 2795 1372 2849 -ώνιος

247 2866 362 2932 mutari
385 2887 481 2949 posse
502 2865 742 2932 demonstravit.
780 2865 907 2945 Nesoio,
930 2885 972 2930 an
988 2886 1052 2931 non
1067 2866 1170 2947 magis
1191 2868 1373 2950 probabilis

248 2966 289 3030 sit
303 2965 405 3029 altera
420 2963 593 3046 explicatio
614 2983 635 3027 a
651 2962 814 3026 Lobeokio
831 2962 935 3044 (proli.
958 2981 989 3044 p.
1008 2966 1083 3044 ¹353
1107 2963 1227 3046 pathol.
1246 2987 1277 3048 p.
1295 2971 1373 3046 349)

246 3060 420 3144 proposita.
465 3061 560 3125 Putat
587 3059 635 3123 vir
665 3057 867 3124 doetissimus
895 3060 1015 3124 exitum
1044 3060 1131 3125 voois
1159 3059 1372 3140 μεταμώλιος

247 3157 391 3223 aradioo
405 3157 494 3221 verbi
509 3155 624 3235 μολεῖν
646 3155 800 3237 originem
817 3155 957 3238 duxisse,
981 3163 1207 3239 eomparatque
1229 3161 1373 3226 maxime

248 3247 432 3337 ἇντιμωλίοι
455 3252 534 3342 disq
550 3262 582 3319 et
604 3251 821 3334 ἑτερομώλιος
845 3253 933 3337 δίκη,
958 3261 989 3317 et
1012 3251 1151 3335 explieat
1173 3257 1370 3337 „transilis“,

247 3372 330 3434 quae
363 3351 449 3416 notio
478 3371 544 3427 uon
572 3351 657 3416 male
686 3370 763 3417 sane
793 3349 964 3433 quadraret
992 3349 1070 3415 loeis
1098 3351 1306 3436 quibusdam,
1336 3362 1372 3420 ut

246 3454 279 3512 A
301 3452 373 3513 363.
417 3450 459 3513 At
487 3448 623 3529 primum
652 3448 779 3530 quidem
808 3443 1017 3528 μεταμώλιος
1039 3467 1103 3512 non
1132 3449 1236 3514 solum
1262 3457 1371 3528 „tran-

247 3545 324 3630 silis,
348 3543 532 3610 mutabilis“
554 3554 603 3611 est
623 3546 680 3611 sed
696 3563 826 3630 prorsus
849 3542 985 3626 „inanis
1009 3543 1160 3627 niehtig“‚
1185 3567 1279 3629 quam
1303 3550 1372 3631 qui-

248 3643 320 3709 dem
344 3642 506 3708 notionem
528 3642 607 3708 loeis
630 3642 696 3709 his:
729 3643 831 3725 pi983
861 3664 881 3703 τ
905 3645 982 3722 143;
1005 3663 1025 3704 o
1048 3645 1126 3726 3323
1150 3645 1227 3724 3923
1250 3649 1284 3706 Δ
1306 3650 1369 3712 363

247 3743 346 3806 multo
368 3741 523 3824 aptiorem
537 3760 631 3822 quarn
655 3740 744 3805 illam
766 3757 838 3804 esse
858 3757 962 3819 neque
984 3759 1048 3804 non
1070 3747 1179 3822 aptam
1202 3759 1275 3806 esse
1297 3743 1369 3809 looo

247 3837 481 3920 Aristophaneo
503 3857 598 3904 nemo
627 3859 692 3902 non
721 3835 890 3918 intellegit.
936 3835 1062 3902 Deinde
1090 3836 1198 3919 stirpis
1222 3837 1287 3918 μολ
1310 3839 1369 3904 illa

246 3935 278 4000 vi
301 3953 371 4000 oum
401 3936 559 4018 particula
587 3931 670 4018 μετά
691 3932 887 4018 compositae
916 3934 1038 3998 nullum
1070 3939 1175 3999 exstat
1197 3935 1368 4018 vestigium
