2948 4518
479 351 512 406 de
530 352 732 422 praepositione
748 349 826 422 μετά.
1164 351 1221 412 141

94 531 159 592 520
175 523 217 610 03
249 528 302 593 hic
335 544 460 610 quoque
492 524 692 590 accusativus
720 544 948 606 nonnunquam
982 543 1042 608 pro
1075 527 1226 607 genetivo

94 633 283 708 usurpatur,
314 625 368 690 ubi
388 623 530 706 aliquem
552 641 618 686 non
640 629 765 704 partem
786 628 927 701 tantum,
953 619 1014 688 sed
1035 628 1135 692 totam
1157 641 1223 687 rem

92 723 241 806 accipere
264 721 440 802 indicatur,
470 725 505 784 ut
527 717 603 784 Hdt.
627 718 716 800 VIII,
741 724 775 801 53
801 719 860 801 IX,
885 722 941 801 343
972 719 1059 784 Xen.
1083 719 1145 784 An.
1168 719 1224 800 IV,

96 825 127 901 5,
143 825 172 885 5.
208 820 451 886 substantivum
467 816 509 882 ab
531 817 593 881 hac
606 816 705 898 stirpe
727 816 897 882 formatum
919 813 1099 898 μετάδοσις
1121 836 1225 892 „com-

94 917 290 983 municatio“
312 917 410 984 habet
432 915 518 980 Xen.
541 910 657 998 Cyrop.
682 913 769 998 V111,
794 918 829 996 2,
854 918 873 978 2
901 939 934 996 μ.
958 917 1061 980 σίτων
1083 914 1137 976 καὶ
1159 933 1225 976 στο-

94 1015 170 1078 τῶν.
208 1015 396 1097 Respondet
409 1014 482 1081 voci
503 1007 709 1093 μεταδίδωμι
723 1012 856 1078 verbum
879 1013 979 1078 multo
1001 1013 1108 1077 minus
1129 1010 1225 1078 usita-

97 1121 179 1195 tum,
209 1112 296 1194 qnod
318 1122 480 1195 postremo
503 1109 563 1176 hoc
591 1111 661 1176 loco
683 1129 982 1191 commemoramus,
1013 1112 1223 1190 μεταιτέιο

94 1209 253 1284 „alieuius
283 1209 329 1275 rei
358 1219 483 1294 partem
511 1208 573 1274 eibi
605 1211 771 1291 poscere“,
806 1206 891 1289 quod
919 1209 1123 1274 coniunctum
1152 1225 1222 1272 eum

95 1307 247 1388 genetivo
276 1306 391 1388 legitur
413 1308 490 1373 Hdt.
520 1309 576 1389 IV,
610 1311 668 1373 146
696 1306 756 1391 τῆς
781 1300 958 1388 βασιληίης
985 1308 1221 1384 μεταιτέοντες,

96 1423 168 1468 cum
197 1404 379 1469 accusativo
402 1411 502 1486 μέρος
525 1407 622 1470 ArIst.
646 1405 743 1489 Vesp.
768 1407 830 1468 972
859 1399 986 1468 τούτων
1014 1405 1163 1484 μεταιτεῖ
1184 1401 1222 1467 τὸ

94 1505 210 1580 μέρος,
244 1500 391 1568 absolute
421 1502 539 1568 dictum
569 1502 645 1568 Hdt.
672 1502 749 1582 VII,
775 1507 853 1582 150,
882 1501 1031 1585 apposito
1061 1501 1222 1582 genetivo,

96 1598 151 1679 qui
172 1597 296 1681 pendet
317 1617 335 1662 e
355 1600 596 1685 praepositione
617 1595 720 1679 παρά,
743 1600 836 1664 Dem.
859 1620 892 1682 p.
915 1603 988 1676 410,
1015 1600 1064 1661 12.

182 1693 284 1760 Vides
311 1697 412 1763 verba
444 1698 506 1762 hae
538 1697 741 1780 paragrapho
769 1701 923 1772 tractata,
958 1713 1040 1775 quae
1070 1694 1129 1760 etsi
1158 1716 1222 1760 non

94 1799 169 1856 sunt
191 1792 308 1872 muita,
338 1815 414 1861 usus
435 1802 545 1859 tamen
566 1791 747 1875 frequentia
769 1790 956 1872 insigniora,
979 1811 1051 1855 eum
1073 1791 1223 1873 genetivo

93 1889 256 1972 coniungi,
279 1891 333 1954 ubi
356 1891 536 1974 signiIcant
558 1889 712 1967 „Antheil
733 1909 777 1953 an
799 1896 900 1954 etwas
923 1889 1039 1967 haben,
1063 1888 1222 1953 nahmen“

95 1987 148 2053 vel
176 1987 283 2052 simile
310 1989 403 2070 quid,
440 2008 511 2053 eum
540 1987 722 2053 accusativo
760 1992 793 2052 et
821 1987 961 2051 maxIme
994 1985 1123 2066 quidem
1152 2005 1222 2049 enm

95 2089 196 2166 μέρος
218 2101 313 2162 voce,
341 2086 396 2152 ubi
418 2085 484 2151 vim
507 2085 629 2150 habent
649 2083 752 2149 nostri
780 2092 876 2146 etwas
905 2085 951 2146 ala
973 2081 1104 2146 Amicii
1124 2081 1222 2144 haben

95 2189 173 2262 etc,
203 2180 332 2247 dativus
352 2203 426 2249 raro
454 2189 579 2248 tantum
601 2180 789 2263 apponitur,
819 2181 1007 2261 plerumque
1029 2179 1224 2260 cogitatione

97 2285 146 2346 eat
168 2279 418 2362 intellegendus.

623 2429 643 2508 a
667 2433 696 2491 5.

96 2579 147 2636 DE
171 2577 474 2634 PRAEPOSI'IIOIIIS
498 2579 599 2630 ΜΕΤΑ
623 2576 663 2632 IN
686 2575 890 2634 NOMINIBUS
909 2575 1124 2634 GOMPOSITIS
1145 2575 1224 2632 USU.

180 2701 251 2766 Iam
273 2705 442 2783 postquam
458 2699 566 2782 verba,
591 2697 624 2762 in
648 2699 761 2780 quibus
783 2696 868 2776 μετά
890 2697 1020 2781 propria
1042 2717 1101 2762 aua
1122 2698 1155 2761 vi
1176 2718 1224 2764 re·

95 2797 259 2884 spondens
281 2803 388 2861 nostro
411 2797 468 2857 mit
483 2802 672 2878 usurpatum
688 2803 746 2873 eet,
769 2795 915 2874 tractavi,
939 2798 1048 2874 restat,
1072 2800 1107 2858 ut
1128 2813 1224 2876 agam

95 2895 136 2959 de
164 2893 363 2974 nominibus,
398 2893 512 2975 quibus
541 2890 655 2957 eadem
683 2891 736 2956 vel
770 2890 864 2955 sImiIi
893 2892 926 2956 vi
960 2889 1137 2973 praefixum
1166 2899 1239 2957 est·

95 2989 166 3070 Qua
195 2991 229 3055 in
257 3009 292 3054 re
321 2991 366 3054 ita
393 2989 631 3073 procedendum
653 2988 798 3067 videtur,
828 2993 863 3051 ut
891 2989 997 3073 priore
1026 2989 1096 3053 loco
1122 2987 1163 3054 de
1184 2988 1224 3054 iis

95 3088 200 3154 dinam
224 3086 356 3151 vocibus
378 3087 578 3170 compositis,
608 3106 742 3170 quarum
765 3084 869 3152 altera
891 3105 966 3170 pars
988 3085 1155 3151 immutata
1176 3105 1224 3152 re·

95 3184 229 3264 mansit,
253 3182 352 3248 altero
376 3202 431 3250 eas
454 3191 603 3262 tractem,
631 3203 714 3266 quae
736 3183 912 3249 secundum
935 3183 1112 3248 membrum
1134 3183 1224 3246 sario

95 3283 191 3348 modo
214 3286 368 3344 mutatum
392 3281 562 3362 exhibent,
589 3299 670 3363 quas
692 3276 820 3362 quidem
845 3281 942 3348 etiam
965 3280 1009 3344 ad
1031 3280 1224 3345 sententiam

96 3381 280 3460 discrepare
302 3397 322 3441 a
344 3378 502 3460 prioribus
523 3385 637 3462 postea
658 3377 838 3460 apparebit.

181 3475 206 3540 1.
236 3471 338 3537 Priori
369 3473 463 3540 classi
487 3493 649 3560 perpauca
671 3469 803 3539 nomina
834 3480 909 3538 sunt
938 3471 1162 3554 attribuenda,
1191 3472 1225 3538 in

94 3571 211 3656 quibus
240 3589 336 3635 unum
361 3569 599 3636 usitatIssimum
627 3573 842 3653 μέτοικος,
877 3565 964 3652 quod
992 3570 1159 3652 aptIaaime
1180 3569 1226 3634 ita

95 3667 285 3754 explicatur,
308 3673 343 3730 nt
358 3665 511 3750 significet
534 3665 627 3731 οἴκου
641 3669 797 3748 μετέχων,
822 3657 912 3732 οἶκοι
927 3663 1012 3748 μετὰ
1027 3685 1116 3741 τινος
1131 3662 1223 3745 ἔχων,

95 3767 206 3849 itaque
227 3764 436 3848 compositum
459 3763 501 3828 sit
519 3763 605 3846 quod
627 3762 743 3830 dicitur
764 3763 1042 3844 attributivnm¹¹);
1065 3761 1227 3828 invenitur

168 3933 201 3996 ¹⁴)
219 3927 261 3984 (ti.
281 3927 449 3986 Schoemann
468 3929 575 3983 (triech.
594 3931 780 3986 Atterthemer
797 3933 830 3992 1³,
848 3937 889 3986 tt.
