2948 4518
263 347 323 410 130
419 337 421 342 ’
782 353 879 408 Funolr

261 525 392 608 proprio
424 523 504 589 nihil
537 522 628 589 aliud
668 523 826 606 signifieat
859 523 921 589 nisi
953 542 1075 608 „prope
1105 524 1245 607 aliquem
1255 530 1279 602 “‚
1315 524 1390 589 inde

261 631 378 702 autem,
402 641 482 701 oum,
507 622 560 703 qui
575 620 618 686 ad
633 622 773 703 aliquem
790 620 934 701 aooodat,
957 640 1055 703 saepo
1078 627 1168 704 post
1190 641 1262 686 eum
1278 620 1388 696 vadat,

261 721 398 784 localem
421 719 585 783 notionem
616 718 709 784 huius
731 717 877 784 adverbii
905 718 1019 800 recipit
1046 738 1084 784 ao
1106 725 1268 802 postremo
1292 719 1387 784 etiam

260 819 295 883 in
310 816 464 900 temporis
479 817 641 880 notionem
664 815 866 880 transfertur:
891 813 1004 882 eodem
1025 815 1120 881 modo
1142 812 1226 895 μετά
1248 835 1269 880 a
1292 816 1389 897 signi-

260 913 408 978 ficatione
431 932 513 994 quae
536 920 585 978 est
607 911 682 994 „ad‚
706 917 827 994 prope“
848 912 891 977 ad
914 913 1078 977 notionem
1093 912 1201 977 Latini
1220 921 1299 996 post
1319 931 1388 996 per-

261 1011 358 1092 venit,
382 1009 466 1092 quod
490 1017 522 1074 et
544 1010 648 1093 ipsum
671 1016 703 1075 et
725 1010 765 1076 do
781 1010 852 1074 looo
875 1015 972 1091 atque
994 1009 1106 1076 ordine
1129 1017 1161 1075 et
1183 1010 1224 1076 de
1243 1015 1386 1093 tempore

261 1107 384 1173 dieitur.
430 1109 477 1170 Ao
506 1105 561 1171 diu
582 1106 646 1172 iam
670 1107 873 1172 observatum
895 1111 945 1172 est
966 1107 1053 1189 apud
1076 1107 1251 1172 Homerum
1274 1097 1386 1171 vocem

259 1203 358 1286 μετά,
389 1224 459 1269 oum
483 1223 720 1286 nonnumquam
744 1222 838 1282 sane,
862 1202 919 1268 sed
941 1203 1138 1286 inaequabili
1161 1203 1386 1287 persingulas

259 1302 434 1368 carminum
465 1307 572 1384 partes
600 1320 676 1366 usus
708 1301 887 1382 frequentia
919 1300 968 1378 (of.
999 1302 1175 1367 Mommsen
1205 1321 1236 1383 p.
1262 1305 1316 1377 29)
1348 1301 1386 1365 do

229 1424 232 1430 ·
258 1401 330 1464 looo
353 1417 411 1462 seu
434 1396 547 1462 ordine
569 1403 723 1479 usurpata
744 1397 785 1461 sit
808 1403 847 1475 (e.
871 1417 898 1462 o.
930 1397 949 1476 ζ
969 1402 1030 1462 260
1053 1395 1163 1482 τόφρα
1196 1394 1255 1460 σὺν
1280 1391 1384 1482 ἀμιμ-

259 1493 398 1560 ττόλοιοι
427 1485 509 1572 μεθ’
540 1487 697 1575 ἡμιόνους
722 1491 777 1557 καὶ
806 1489 935 1575 ἅμαξαν
967 1545 1005 1560 ..
1036 1491 1211 1576 ἐ’ρχεοθαι;
1242 1499 1278 1556 Ν
1307 1499 1384 1576 4923

258 1596 369 1657 1140:
393 1588 431 1654 αἵ
450 1613 485 1654 κε
506 1583 581 1670 μετ’
604 1587 752 1674 Ἀργείην
772 1584 898 1674 Ἑλένην
922 1589 1095 1656 κάλλισται
1119 1587 1249 1674 ἔωσιν),
1273 1599 1384 1657 eontra

258 1709 292 1753 re
315 1708 392 1753 vera
420 1687 460 1752 de
489 1689 557 1754 solo
580 1695 722 1771 tempore
746 1688 800 1753 vix
828 1708 969 1770 uuquam
1000 1689 1222 1771 aooipiendam
1255 1709 1329 1754 esse
1356 1697 1385 1753 et

257 1786 363 1870 potius
386 1784 531 1852 similiter
552 1805 590 1850 ao
612 1793 753 1851 nostrum
777 1784 955 1852 λιίιιον-λον
985 1806 1042 1868 per
1062 1787 1234 1869 imaginem
1257 1793 1382 1852 tantum

258 1883 299 1948 de
333 1891 476 1965 tempore
509 1888 694 1963 usurpatam
729 1903 800 1949 osse
831 1883 881 1958 (of.
914 1883 1089 1949 Mommsen
1123 1904 1154 1965 p.
1186 1887 1249 1959 29).
1305 1883 1382 1948 (lum

248 1988 362 2069 'autem
392 1979 472 2044 haeo
500 1997 550 2043 res
579 1979 694 2043 summi
723 1980 874 2043 momenti
898 1981 955 2060 sit,
984 1979 1006 2044 ii
1035 1980 1098 2045 looi
1121 1980 1297 2062 Homerici,
1329 1982 1379 2064 qui

256 2076 401 2159 proxime
423 2075 580 2141 aooedunt
609 2075 652 2139 ad
675 2075 800 2140 Atticae
822 2075 937 2141 aetatis
959 2097 1049 2141 usum
1073 2077 1299 2159 temporalem,
1331 2079 1381 2143 hio

254 2174 411 2240 afferendi
438 2179 521 2238 sunt.
566 2173 613 2236 Ao
641 2171 776 2254 primum
805 2172 933 2254 quidem
963 2174 1118 2240 habemus
1149 2173 1228 2238 duos
1256 2194 1379 2254 versus,

253 2271 287 2335 in
317 2271 432 2354 quibus
459 2267 542 2352 μετά
570 2290 640 2335 oum
664 2270 846 2335 aoousativo
869 2271 1051 2354 copulatum
1078 2270 1191 2337 eodem
1214 2271 1311 2336 modo
1342 2273 1380 2338 de

254 2369 456 2435 suooessione
486 2374 535 2434 est
565 2367 698 2448 dietum,
729 2387 790 2449 quo
819 2367 852 2432 in
881 2369 1034 2450 proximis
1064 2364 1123 2432 ἐντί
1151 2387 1222 2432 oum
1252 2368 1379 2452 dativ03

253 2473 328 2529 sunt
349 2473 455 2530 autem
479 2464 542 2530 looi
565 2465 614 2528 hi:

256 2583 290 2643 Ψ
310 2585 372 2646 354
513 2577 597 2660 μετὰ
619 2575 675 2643 τὸν
699 2571 731 2642 δ’
757 2575 851 2660 ἔλαχε
872 2586 987 2663 κρείων
1010 2578 1170 2666 Εὔμηλος,

388 2683 435 2762 τηῖ
459 2669 490 2740 δ’
517 2669 572 2760 ἄρ’
599 2672 656 2742 ἐπ’
677 2668 848 2761 Ἀτρείδης
870 2674 1092 2760 δουρικλειτὸς
1114 2679 1299 2758 Μενέλαος,

388 2777 432 2859 τῷ
457 2766 489 2838 δ’
515 2772 572 2839 inl
594 2771 769 2860 Μηριόνης
793 2770 866 2856 λάχ’
893 2773 1082 2857 ἐλαυνέμεν·

254 2875 283 2937 Θ
306 2877 364 2938 261
390 2871 446 2936 τὸν
470 2871 506 2936 δὲ
528 2868 602 2952 μετ’
624 2869 790 2954 Ἀτρεῖδαι
808 2869 1021 2956 Ἀγαμέμνων
1043 2873 1094 2937 καὶ
1119 2873 1304 2953 Μενέλαος,

386 2978 477 3034 τοῖσι
503 2966 535 3032 δ)
561 2962 617 3033 ἐντ’
642 2969 789 3047 Αἴαντες
812 2972 932 3051 θοῦριν
956 2968 1141 3050 ἐπιειμένοι
1164 2964 1272 3054 ἄλκην,

384 3069 474 3130 τοῖσι
498 3059 528 3130 δ’
556 3061 613 3132 ἐπ’
634 3060 810 3148 Ἰδομενεὺς
832 3065 897 3132 art.
1005 3058 1010 3071 ’

336 3198 464 3263 Similes
499 3198 617 3264 deinde
650 3199 738 3263 hisoe
771 3205 845 3262 sunt
876 3199 937 3264 looi
972 3199 1080 3281 pauci,
1122 3198 1175 3281 qui
1209 3197 1376 3284 Odysseae

249 3295 331 3361 libro
356 3294 374 3358 λ
396 3296 611 3378 reperiuntur:
641 3299 703 3360 260
732 3293 791 3382 τὴν
815 3293 851 3360 δὲ
879 3292 952 3376 μετ’
973 3288 1155 3380 Ἀντιόπην
1180 3293 1270 3373 ἴδον,
1301 3301 1374 3380 266,

250 3397 328 3474 305,
353 3394 467 3475 quibus
490 3393 647 3458 accedunt
670 3394 820 3476 exempla
842 3392 951 3476 paullo
974 3392 1078 3458 minus
1100 3400 1203 3459 oorta:

248 3514 278 3574 P
297 3515 358 3577 258
382 3512 515 3591 πρῶτος
545 3507 577 3574 δ’
610 3503 721 3586 ἄντλος
749 3497 835 3596 ἦλθε
859 3508 973 3587 (Αἴας)
1002 3511 1092 3573 θεῶν
1117 3506 1180 3575 ἀνὰ
1203 3511 1372 3600 δηιοτῆτα,

381 3605 439 3671 τὸν
464 3605 499 3670 δὲ
521 3601 594 3688 μετ’
618 3601 794 3687 Ἰδομενεὺς
816 3606 870 3669 καὶ
894 3601 1012 3671 διτάιον
1031 3599 1214 3695 Ἰδομενῆος
1237 3607 1309 3691 κτὲ;

249 3729 275 3788 φ
303 3702 419 3772 190“ἒκ
442 3697 474 3768 δ’
506 3696 606 3781 αὐτὸς
634 3701 717 3785 μετὰ
739 3701 816 3778 τούς
840 3700 943 3783 δόμον
966 3699 1071 3786 ἤλυθε
1095 3703 1166 3781 δῖος
1185 3697 1369 3785 Ὀδυσσεύς.

334 3825 372 3888 In
395 3823 541 3890 omnibus
563 3825 651 3890 lrisoe
675 3829 808 3907 excepto
831 3823 933 3907 primo
954 3823 1035 3905 looo,
1059 3824 1112 3888 ubi
1136 3824 1190 3888 vix
1214 3824 1255 3891 de
1277 3826 1372 3892 looali

247 3920 497 4003 praepositionis
526 3915 609 4001 μετά
640 3921 671 3984 vi
700 3921 842 4002 cogitare
870 3919 959 4004 lieet,
995 3927 1100 4004 potest
1128 3940 1207 3987 sane
1238 3943 1370 4008 praepo·
