2948 4518
253 343 313 405 144
470 311 474 318 Ι
773 344 872 400 Funck

252 517 442 597 „zuischora
479 521 602 585 colent
653 513 791 594 Μεταξύ
827 517 922 583 etiam
960 515 1207 600 praepositionis
1243 525 1385 582 munere

250 615 340 700 iungi
354 616 453 684 verbo
474 615 637 683 monuisse
659 615 737 682 satis
758 615 863 682 habeo
886 616 971 692 (Eur.
996 614 1074 680 Heo.
1091 617 1150 680 437
1175 610 1294 697 ξίφους
1318 662 1325 678 .
1347 663 1382 677 ..

250 709 371 795 μεταξδ
393 711 447 777 καὶ
470 718 579 794 πυρᾶς
598 705 797 794 Ἀχιλλέως).

335 810 378 876 ΙΙ.
414 812 484 876 Iam
513 812 649 877 transire
677 811 754 877 licet
775 810 819 876 ad
848 809 1055 890 eacumina,
1082 829 1215 890 quorum
1239 810 1383 875 alterum

249 908 425 974 membrum
448 908 679 993 compositione
707 915 863 974 mutatum
885 914 950 989 est,
980 914 1013 973 et
1032 906 1143 971 inveni
1172 906 1224 970 hic
1252 926 1384 990 quoque

250 1003 313 1069 duo
336 1005 438 1070 triave
461 1013 584 1071 tantum
600 1006 810 1089 substantiva,
834 1025 916 1088 quac
931 1006 1012 1072 sicut
1026 1010 1134 1069 cetera
1150 1004 1260 1070 omnia
1283 1005 1381 1071 huius

249 1101 362 1166 classis
383 1102 542 1168 vocabula
563 1104 747 1186 compositis
770 1102 935 1169 obiectivis
965 1110 1038 1169 sunt
1064 1103 1287 1169 attribuenda:
1318 1109 1381 1185 με’-

248 1221 373 1276 τωπον,
396 1195 611 1284 μετάφρενον,
635 1200 784 1284 quodque
805 1207 968 1266 extremae
990 1200 1181 1266 Graecitatis
1204 1208 1253 1266 est
1275 1225 1380 1280 μετα-

248 1292 404 1372 κόνδυλος
427 1316 483 1363 seu
505 1295 756 1379 μετακόνδολον,
781 1316 863 1380 quac
885 1297 1014 1379 quidem
1029 1317 1093 1362 vox
1116 1298 1265 1380 spatium,
1291 1299 1380 1380 quod

248 1393 331 1458 inter
365 1392 535 1476 digitorum
569 1395 719 1461 articulos
752 1395 901 1478 interest,
937 1393 1105 1477 significat.
1157 1399 1200 1457 M
1207 1398 1380 1460 έτωπον

248 1495 355 1555 autem
385 1489 450 1555 iam
479 1491 512 1555 in
542 1491 646 1558 Iliade
675 1492 853 1572 invenitur,
885 1492 939 1557 ubi
969 1493 1097 1575 proprio
1127 1511 1223 1557 sensu
1254 1497 1288 1555 N
1313 1497 1378 1558 615

248 1581 351 1669 ἤλασε
379 1590 533 1668 μέτωπον
563 1586 654 1670 ῥινὸς
684 1583 767 1670 άπερ
790 1586 958 1670 πυμάτης,
989 1589 1145 1670 spatium,
1175 1586 1262 1670 quod
1292 1589 1381 1655 inter

248 1683 357 1750 oculos
385 1685 571 1768 intercedit,
601 1685 738 1770 indicat3
771 1685 889 1752 deinde
919 1685 1031 1752 cadem
1055 1705 1134 1751 voce
1163 1687 1294 1752 omnino
1326 1707 1379 1752 su-

247 1780 353 1864 perior
379 1781 471 1846 faciei
495 1803 585 1865 pars,
617 1784 720 1865 frons,
751 1784 804 1848 vel
827 1790 894 1848 tota
922 1784 1020 1850 iacies
1043 1781 1255 1866 significatur,
1288 1784 1380 1851 unde

248 1879 344 1944 etiam
375 1878 417 1944 ad
447 1879 529 1945 alias
558 1901 610 1947 ros
640 1881 829 1948 transfertur
838 1881 887 1963 ¹⁰);
924 1881 1011 1963 apud
1039 1879 1226 1963 Euripidem
1258 1880 1380 1964 legitur

247 1977 329 2041 haee
350 1996 413 2041 vox
436 1979 510 2042 Tro.
536 1979 617 2042 1198
641 1975 756 2058 ἱδριὺς,
789 1973 825 2038 ὃν
852 1975 886 2040 ἐκ
907 1974 1080 2056 μετώπου,
1113 1975 1276 2053 πολλάκις
1302 2023 1310 2038 .
1335 2027 1342 2041 .
1370 2027 1376 2040 .

248 2071 379 2150 ἔσταζεν
395 2069 537 2156 Ἕκτωρ;
561 2073 632 2139 Hel.
653 2077 733 2140 1568
755 2069 971 2155 μονάμπυκον
995 2072 1031 2140 δὲ
1053 2075 1231 2150 Μενέλεως
1256 2071 1376 2161 ψήχων

248 2168 343 2252 δέρην
365 2167 506 2251 μέτωπά
527 2163 560 2234 τ’
586 2176 639 2248 (sc.
657 2171 714 2236 τοῦ
730 2167 864 2252 ταύρου)
880 2168 953 2256 κτὲ;
976 2172 1083 2250 [Rhea.
1100 2175 1178 2237 307:
1202 2168 1378 2248 μετώποις

248 2264 444 2355 inureretur}
502 2273 546 2332 M
553 2266 790 2354 ετάφρενον
829 2287 908 2335 voce
945 2268 1073 2352 proprie
1108 2269 1142 2332 id
1180 2268 1376 2350 declaratur,

247 2364 331 2448 quod
361 2366 497 2432 interest
523 2368 607 2433 inter
637 2369 775 2451 φρένας,
806 2386 877 2433 cum
908 2375 1014 2432 actem
1044 2372 1173 2431 auctore
1197 2366 1376 2432 Aristotele
1463 2413 1464 2418 η

248 2463 278 2527 d.
302 2470 384 2545 part.
407 2483 459 2528 an.
482 2465 548 2544 ΙΙΙ,
574 2469 612 2528 10
636 2467 753 2546 φρένες
775 2465 838 2529 sint
860 2461 898 2526 τὸ
922 2462 1087 2544 διάζωμα,
1112 2459 1129 2525 ὃ
1153 2458 1292 2543 διορίζει
1314 2463 1375 2529 τόν

247 2583 282 2622 τε
305 2552 474 2638 πνεύμονα
495 2559 549 2622 καὶ
571 2557 630 2642 τὴν
652 2557 804 2638 καρδίαν,
836 2579 906 2624 eam
930 2560 1113 2642 posterioris
1136 2557 1278 2643 corporis
1300 2581 1375 2645 par·

246 2663 323 2731 tem,
351 2674 434 2738 quae
456 2656 505 2720 illi
527 2657 672 2740 proxima
694 2663 758 2737 est,
782 2654 978 2738 significasse
999 2655 1127 2722 videtur
1147 2654 1372 2741 μετάφρενον;
1462 2649 1463 2654 ’

246 2751 334 2836 apud
356 2753 539 2836 Homerum,
569 2754 624 2818 ubi
646 2753 835 2837 saepissime
856 2754 981 2837 legitur,
1005 2753 1251 2838 accuratissime,
1275 2776 1372 2837 quam

246 2852 386 2934 corporis
416 2857 540 2934 partem
570 2850 742 2933 significet,
774 2851 963 2918 describitur
991 2853 1082 2915 Ero
1111 2855 1307 2935 μεταφρένῳ
1338 2851 1371 2916 ἐν
1462 2861 1463 2874 ³

247 2946 325 3026 δόρυ
357 2946 476 3035 πῆξεν,
508 2944 606 3029 ὤμων
636 2944 814 3030 μεσσηγύς,
847 2946 903 3012 διά
934 2947 969 3012 δὲ
1000 2945 1188 3034 στήθεσφιν
1220 2945 1369 3024 ἐ’λαοοεν,

245 3051 342 3126 atquc
372 3046 501 3127 saepius
529 3049 575 3111 ita
604 3065 674 3110 oum
706 3046 823 3113 umeris
846 3045 1047 3127 coniungitur
1069 3048 1099 3108 B
1121 3049 1200 3123 265;
1232 3049 1369 3129 117913

249 3144 283 3204 Ψ
296 3146 374 3224 380;
398 3142 517 3226 plurali
539 3161 670 3208 numero
694 3143 809 3207 dicitur
831 3144 872 3204 M
895 3146 956 3208 428
981 3136 1062 3225 δτέῳ
1086 3145 1289 3226 στρεφθέντι
1312 3168 1369 3221 με·

245 3237 393 3324 τάφρενα
422 3243 610 3321 γυμνωθείη
640 3242 873 3320 μαρναμένων,
908 3241 949 3306 de
977 3260 1040 3321 quo
1069 3261 1127 3307 usu
1157 3240 1368 3307 conferendus

246 3338 378 3404 Lobeclr
399 3336 452 3402 ad.
475 3336 544 3402 Ai.2
565 3357 595 3419 p.
623 3341 692 3401 145.

330 3436 369 3498 Iu
393 3433 607 3516 compluribus
629 3434 760 3500 vocibus
790 3433 896 3499 adhuc
925 3433 1069 3498 tractatis
1098 3434 1365 3518 praepositionem

245 3529 382 3612 provolvi
408 3530 514 3594 Latini
543 3533 641 3604 iuter,
672 3532 772 3596 nostri
800 3527 972 3607 zurichua,
1002 3539 1093 3592 anter
1118 3530 1300 3600 invenimus
1322 3533 1368 3596 in·

246 3634 405 3692 structam.
450 3625 540 3705 Quae
564 3627 677 3694 eadem
700 3629 749 3693 vis
771 3628 880 3692 subest
902 3625 1069 3692 adiectivis
1099 3648 1155 3690 -ιο
1179 3627 1284 3693 suffixi
1307 3649 1366 3711 ope

317 3843 347 3906 ¹⁰>
373 3841 413 3896 ef.
442 3843 544 3899 Hense:
583 3843 674 3904 „Post
701 3840 925 3898 Perscuifioation
952 3841 981 3896 in
1011 3841 1110 3909 griech.
1137 3841 1284 3897 Dichteru“
1313 3845 1364 3898 etc.

245 3923 370 3980 Pcrchim
390 3928 463 3979 1861.
499 3924 578 3979 Halle
599 3927 670 3978 1868.
