2948 4518
495 329 528 386 de
546 328 746 400 praepositione
762 325 842 397 μετά.
1182 325 1241 388 119

111 521 134 567 a
164 501 285 581 Pottio,
317 499 486 583 Ktlhnero,
515 501 589 567 aliis
618 500 739 585 optimo
767 500 836 566 iure
859 501 1012 566 monitum
1044 501 1085 567 sit
1112 521 1241 585 prorsus

114 617 181 665 non
203 598 367 682 intellegi,
397 599 555 680 quomodo
578 619 618 666 ex
647 599 884 683 praepositione
906 618 971 666 una
993 600 1173 683 complures
1196 599 1242 663 di-

114 696 201 763 versi
223 715 318 763 casus
340 697 482 781 pendere
505 698 636 782 possint.
680 693 783 776 Quam
805 703 876 763 arte
898 698 1005 761 varius
1034 696 1086 762 bic
1107 717 1242 781 praepo·

112 795 268 861 sitionum
290 815 366 862 usus
381 813 453 860 eum
468 794 650 861 notionibus
666 793 835 860 verborum
850 795 1030 872 cohaereat,
1053 793 1150 860 etiam
1165 792 1242 859 inde

114 893 309 976 intellegere
324 893 408 974 licet,
431 893 517 975 quod
539 912 581 959 ne
604 892 658 957 uni
681 890 810 973 quidem
826 911 935 959 aarum
958 892 1240 975 praepositionum,

113 1009 199 1074 quae
222 989 373 1057 inferiore
395 999 539 1075 tempore
560 992 716 1057 formatae
738 997 811 1056 sunt
832 1010 892 1057 nec
914 989 1019 1054 solent
1041 1007 1112 1052 cum
1135 988 1241 1055 verbis

113 1088 282 1172 componi,
310 1089 490 1172 complures
517 1107 611 1155 casus
639 1093 854 1171 apponuntur.
898 1088 997 1152 Recte
1025 1086 1088 1151 iam
1115 1093 1242 1154 veteres

113 1187 316 1267 grammatici
345 1187 397 1258 (ci.
426 1186 630 1252 Seboemann
658 1185 794 1251 Redetb.
824 1206 856 1268 p.
882 1189 953 1256 141)
984 1184 1080 1250 basce
1109 1205 1129 1249 a
1157 1186 1242 1251 veris

114 1283 407 1367 praepositionibus
442 1302 572 1366 prorsus
605 1281 815 1349 occludebant
844 1300 962 1364 easque
997 1279 1159 1347 adverbiis
1189 1283 1242 1349 rel

112 1381 391 1448 coniunctionibus
413 1380 684 1462 adnumerabant3
707 1399 777 1445 eum
800 1380 929 1446 casibus
951 1379 1101 1461 coniungi
1123 1399 1242 1462 magna

113 1497 225 1546 eanum
248 1499 323 1563 pars
344 1481 520 1564 posteriore
536 1479 662 1544 demum
678 1486 822 1562 tempore
838 1485 886 1544 est
904 1483 1018 1560 coepta
1033 1481 1065 1543 et
1086 1477 1120 1541 in
1143 1497 1183 1543 ea
1206 1496 1241 1543 re

113 1577 167 1643 vel
191 1579 294 1661 ipsam
313 1597 403 1642 suam
420 1585 567 1644 naturam
583 1581 698 1652 (ccccc,
719 1578 833 1658 pretio,
856 1573 963 1656 χάριν)
986 1575 1039 1640 vel
1054 1576 1238 1658 analogiam

112 1695 170 1742 seu
200 1681 409 1758 cognatarum
443 1674 715 1760 praepositionum
742 1671 834 1752 (ἔξω,
871 1668 973 1748 ἐκτός)
1002 1691 1059 1738 seu
1088 1673 1240 1740 similium

113 1769 240 1855 (χωρίς)
262 1773 489 1856 sequebantur.
534 1771 646 1853 ltaque
668 1776 792 1835 tantum
815 1771 915 1849 abest,
938 1777 972 1834 ut
996 1769 1056 1835 bae
1079 1772 1241 1855 praeposi-

113 1874 234 1950 tiones,
269 1890 288 1937 e
318 1870 432 1952 quibus
460 1888 575 1936 revera
603 1887 695 1934 casus
724 1866 884 1951 pendent,
919 1871 1112 1936 sententiam
1145 1877 1242 1935 antea

114 1970 274 2054 prolatam
289 1966 458 2051 infirment,
474 1973 635 2033 utcontra
650 1967 788 2032 maxime
808 1985 878 2031 eam
895 1966 1091 2034 confirment.
1129 1968 1241 2050 Neque

24 2071 32 2082 '
113 2087 191 2134 vero
213 2073 300 2132 stare
322 2072 428 2149 potest
443 2084 526 2148 quae
548 2059 652 2129 alte'ra
669 2063 708 2130 de
731 2065 1004 2148 praepositionum
1021 2085 1091 2131 uum
1115 2065 1241 2130 casibus

113 2164 338 2230 coniunctione
360 2162 525 2247 proposita
547 2169 595 2227 est
617 2163 787 2241 sententia,
812 2181 852 2228 ex
871 2182 934 2244 qua
956 2183 1048 2229 casus
1071 2162 1152 2228 adeo
1176 2183 1241 2227 non

114 2260 407 2347 praepositionibus
429 2267 598 2341 reguntur,
622 2265 656 2323 ut
677 2259 782 2341 potius
805 2279 823 2325 e
846 2260 923 2326 solis
945 2261 1052 2327 verbis
1074 2262 1153 2345 ipsis
1175 2281 1242 2327 sus·

114 2359 205 2444 pensi
229 2358 309 2436 sint,
340 2357 596 2441 praepositiones
618 2363 724 2421 nutem
754 2357 974 2422 tantummodo
997 2358 1040 2424 ad
1062 2359 1170 2428 varias
1192 2379 1242 2424 ca-

113 2479 205 2524 suum
221 2454 482 2540 significationes,
506 2472 588 2538 quae
602 2453 694 2518 initio
709 2454 773 2518 iam
790 2453 868 2538 ipsis
886 2455 1014 2521 casibus
1036 2455 1242 2523 contineban-

114 2564 179 2636 tur,
209 2554 388 2621 accuratius
418 2551 662 2636 distioguendas
690 2559 802 2635 postea
830 2553 893 2617 sint
922 2553 1099 2638 appositae.
1152 2553 1243 2632 Quae

112 2653 275 2722 sententia
301 2659 473 2737 propterea
495 2657 543 2717 est
565 2649 795 2732 improbanda,
824 2651 924 2732 quod,
957 2671 1039 2734 quae
1061 2670 1140 2718 sane
1162 2651 1243 2718 auti·

113 2751 269 2836 quissima
297 2749 427 2833 linguae
456 2755 565 2814 aetate
587 2753 656 2812 erat
677 2749 727 2813 vis
749 2767 893 2830 casuum,
924 2769 995 2814 eam
1018 2750 1113 2814 etiam
1137 2757 1242 2835 poste-

113 2851 212 2930 riore,
243 2846 368 2929 dequo
398 2867 457 2912 nos
479 2847 619 2928 agimus,
650 2851 793 2928 tempore
816 2853 976 2912 servatam
1006 2848 1103 2914 luisse
1129 2867 1241 2931 parum

113 2945 268 3013 credibile
284 2943 426 3029 videtum
450 2963 526 3010 nam
541 2943 633 3008 nullo
649 2942 744 3007 modo
764 2942 975 3010 demonstrari
993 2951 1097 3028 potest
1113 2963 1146 3010 re
1163 2965 1242 3012 vera

113 3065 207 3110 casus
238 3041 386 3108 notiones
419 3041 540 3108 locales
573 3040 652 3108 satis
684 3041 768 3106 inter
800 3061 835 3108 sc
867 3041 1034 3108 distinctas
1067 3043 1240 3110 continere.

113 3141 206 3222 Quae
228 3159 299 3205 cum
322 3139 367 3204 ita
389 3140 469 3220 sint,
500 3139 707 3206 novissimum
733 3139 824 3204 illum
854 3140 1126 3225 praepositionum
1149 3161 1241 3207 usum

114 3247 201 3306 recte
223 3238 269 3303 ita
291 3237 542 3320 explicabimus,
565 3245 599 3302 ut
621 3256 713 3303 casus
735 3238 897 3302 nominum
922 3257 1026 3320 neque
1048 3237 1109 3304 soli
1130 3239 1242 3316 verbo,

115 3355 219 3422 ueque
235 3333 477 3418 praepositioni,
500 3333 558 3400 sed
581 3333 686 3418 potius
704 3334 826 3400 notioni
842 3333 932 3402 verbi
947 3333 1118 3419 compositi
1135 3333 1250 3402 deberi

113 3433 342 3508 censeamusb.

201 3531 270 3598 lam
304 3531 332 3596 si
363 3529 562 3612 quaerimus,
598 3549 661 3611 qua
690 3529 814 3594 ratione
842 3528 969 3594 adiecta
1003 3525 1258 3616 praepositione

114 3630 203 3696 notio
225 3628 382 3712 simplicis
396 3627 485 3693 verbi
509 3632 718 3710 temperetur,
742 3646 783 3692 ex
805 3628 876 3711 ipsa
898 3632 1013 3692 natura
1035 3623 1261 3709 praepositio·

116 3747 191 3795 uum
215 3731 351 3810 apparet
374 3725 536 3790 notionem
552 3722 640 3788 verbi
663 3724 816 3808 simplicis
838 3725 1015 3790 accuratius
1038 3721 1113 3790 illis
1130 3715 1262 3790 definiri

184 3947 205 4003 't
225 3943 265 3999 Oi.
286 3943 354 4003 Rau.
374 3943 414 4000 lle
432 3957 557 4014 praepos.
577 3941 651 4014 παρά
670 3943 745 3998 Strrrl.
764 3943 810 4008 lll,
829 3959 854 4012 p.
873 3945 956 4010 beqq.
