2948 4518
248 347 313 410 118
720 339 722 343 ’
772 351 869 406 Funelr

249 529 291 593 Et
306 525 392 610 quod
407 522 536 608 quidem
558 523 673 588 attinet
694 520 736 586 ad
753 523 907 605 originem
930 524 1213 608 praepositionum,
1236 525 1377 592 maxime

247 622 441 709 comparatis
454 620 684 703 antiquissimis
696 639 804 685 aarum
820 621 938 702 formis,
955 622 1066 702 quales
1081 622 1254 706 praecipue
1265 622 1378 705 lingua

250 721 415 790 Senserita
436 718 594 799 servavit,
623 718 784 800 cognitum
814 725 863 784 est
891 717 981 784 initio
1010 719 1266 803 praepositiones
1294 721 1377 785 nihil

250 819 340 886 aliud
366 817 463 884 luisse
486 815 549 882 nisi
569 833 663 881 casus
684 816 738 881 vel
760 817 923 882 nominum
945 817 999 883 vel
1021 817 1244 899 pronominum
1265 817 1377 900 itaque

249 938 360 985 earum
388 914 611 979 formationem
640 913 776 978 eandem
811 933 896 996 esse,
932 932 1026 996 quam
1055 920 1233 980 ceterorum
1263 914 1378 980 adver-

250 1015 374 1080 biorum
398 1011 448 1089 (ct.
466 1010 598 1086 certent)
622 1017 653 1075 et
676 1003 798 1092 ὀρθῶς,
823 1011 907 1095 quod
931 1010 1059 1094 quidem
1082 1012 1200 1096 prodiit
1222 1032 1263 1079 ex
1293 1005 1377 1093 *ὀρ-

250 1116 347 1188 θωτ).
404 1107 494 1188 Quae
526 1108 687 1174 sententia
719 1108 921 1175 confirmatur
960 1128 1014 1186 eo,
1054 1109 1140 1191 quod
1173 1110 1376 1176 interioribus
1417 1191 1423 1202 “

248 1228 376 1294 quoque
398 1205 595 1290 temporibus
617 1207 781 1272 nominum
804 1227 898 1274 casus
921 1225 1050 1289 prorsus
1072 1207 1106 1270 in
1128 1227 1218 1272 usum
1243 1227 1377 1292 praepo·

250 1309 400 1374 sitionum
422 1304 512 1370 abire
533 1303 696 1370 videmus:
723 1305 761 1370 cf.
787 1306 855 1370 Lat.
880 1314 987 1376 court,
1010 1305 1130 1387 pratia,
1156 1304 1210 1370 Gr.
1232 1303 1373 1387 χάριν,

251 1401 340 1490 ἰδίᾳ
363 1404 413 1482 (ef.
436 1403 490 1466 dr.
514 1402 597 1466 Rau.
624 1405 713 1482 102),
735 1410 879 1468 nostrum
903 1423 1016 1485 strepere.
1063 1403 1103 1468 Et
1126 1403 1211 1485 quod
1234 1422 1275 1469 ex
1296 1405 1377 1487 ipsis

249 1502 520 1588 praepositionum
552 1499 660 1564 formis
689 1501 872 1566 conclusum
902 1507 965 1580 est,
996 1499 1124 1583 probari
1153 1501 1376 1583 antiquissimo

248 1623 361 1669 earum
393 1621 451 1666 usu
482 1597 621 1664 ostendit
653 1596 732 1662 Lud.
766 1598 908 1680 Langius
940 1596 1173 1680 (Verhaudlgn.
1204 1597 1235 1664 d.
1266 1599 1374 1666 Goett.

249 1696 571 1766 Philol.-Versamml.
585 1697 665 1761 1852
678 1716 709 1779 p.
726 1699 808 1776 104),
825 1694 966 1760 numeris
980 1696 1136 1778 appositis
1150 1695 1378 1762 demonstraus

249 1802 281 1863 et
310 1795 344 1860 in
376 1793 505 1879 hymnis
535 1792 665 1862 Vedicis
694 1793 726 1858 et
754 1792 842 1876 apud
868 1792 1040 1857 Homerum
1069 1792 1263 1878 saepissime
1284 1814 1376 1878 prae-

250 1893 426 1978 positiones
449 1893 547 1976 plaue
569 1890 793 1956 adverbiorum
815 1910 947 1957 munere
969 1889 1069 1974 fungi.
1106 1890 1187 1957 Sunt
1201 1897 1309 1956 autem
1325 1911 1375 1972 ea,

248 2012 345 2074 quam
371 1988 545 2058 secundam
568 1988 839 2073 praepositionum
866 1995 1004 2054 aetatem
1030 1993 1169 2054 statuere
1194 2008 1374 2072 possumus,

249 2090 312 2154 lam
329 2089 363 2154 in
378 2086 476 2153 Vadis
500 2092 532 2152 et
553 2086 586 2150 in
602 2086 797 2151 carminibus
813 2085 988 2151 Homericis
1010 2085 1110 2149 multo
1133 2087 1262 2169 saepius
1283 2108 1377 2170 prae-

249 2186 424 2270 positiones
439 2185 517 2268 ipsis
531 2183 638 2250 verbis
661 2181 823 2268 praefixae
838 2184 946 2266 itaque
962 2181 1045 2248 duae
1060 2182 1217 2263 notiones,
1240 2203 1375 2265 quarum

249 2287 384 2352 alteram
417 2284 520 2349 altera
553 2281 731 2348 accuratius
765 2280 953 2363 definiebat,
988 2279 1069 2346 adeo
1102 2281 1305 2365 coaluerunt,
1342 2294 1376 2350 ut

249 2384 346 2449 etiam
381 2382 476 2446 unius
503 2380 651 2446 vocabuli
684 2381 812 2444 vinculo
846 2387 1094 2445 conectereutuu
1145 2378 1257 2460 Neque
1290 2381 1376 2448 hanc

249 2479 511 2563 compositionem
534 2497 663 2561 prorsus
684 2478 726 2540 ab
742 2477 815 2542 aliis
837 2475 1000 2543 adverbiis
1015 2476 1155 2540 alienam
1180 2495 1251 2542 esse
1266 2497 1373 2545 enem-

248 2580 304 2662 pla
326 2575 451 2656 docent,
474 2575 574 2641 veluti
591 2575 706 2639 Latina
727 2573 827 2642 verba
849 2573 1019 2655 benefacto,
1043 2571 1217 2653 melopoeia,
1242 2574 1374 2642 Germa-

249 2676 322 2741 nica
350 2672 521 2747 wolrlttan,
552 2671 754 2734 rm'slrundel.
800 2669 878 2736 Cum
907 2679 1014 2737 autem
1043 2677 1074 2736 et
1096 2671 1186 2735 iuxta
1213 2673 1320 2754 posita
1343 2685 1375 2742 et

248 2773 376 2840 adnexa
405 2769 644 2855 praepositione
667 2769 747 2834 sieut
769 2767 855 2833 notio
878 2769 923 2834 ita
945 2769 1133 2852 plerumque
1156 2769 1251 2834 etiam
1275 2778 1375 2840 struc-

248 2878 319 2937 tura
341 2868 432 2935 verbi
454 2869 673 2933 immutaretur
700 2867 840 2949 novique
868 2886 976 2948 casus,
1006 2865 1060 2948 qui
1090 2865 1289 2932 debebantur
1311 2871 1375 2954 ipsi

248 2976 389 3034 mutatae
411 2967 502 3032 verbi
531 2966 669 3046 notioni,
694 2965 723 3030 ei
745 2964 961 3044 edicerentur,
985 2963 1080 3028 tertia
1103 2962 1242 3045 quadam
1265 2974 1374 3036 aetate

247 3065 440 3152 praepositio
467 3063 517 3128 luis
545 3062 745 3146 potissimum
767 3061 896 3128 casibus
918 3061 1065 3145 apposita
1088 3068 1146 3141 cst,
1170 3080 1249 3142 quos
1271 3067 1374 3133 artius

247 3186 319 3232 eum
340 3163 439 3228 verbo
461 3160 702 3244 oouiungendos
731 3178 802 3226 esse
830 3158 891 3224 hae
920 3159 991 3243 ipsa
1013 3158 1223 3226 collocatione
1251 3161 1373 3231 indica·
1464 3219 1465 3236 2

247 3265 357 3346 batur3
380 3279 450 3325 euru
474 3258 587 3325 eadem
610 3265 715 3324 autem
739 3257 977 3342 praepositione
994 3255 1124 3343 iusuper
1146 3256 1243 3323 etiam
1265 3260 1372 3344 ipsum
1464 3273 1465 3280 ’

247 3361 380 3427 verbum
401 3355 489 3422 haud
511 3376 582 3421 raro
605 3356 864 3439 componebatur.
901 3356 942 3419 Et
964 3351 1015 3417 hie
1038 3352 1167 3434 quidem
1189 3377 1275 3440 usus,
1299 3381 1372 3426 eum

245 3457 336 3523 initio
359 3459 458 3522 rarior
480 3457 591 3524 fuisset
614 3458 665 3534 (ct.
685 3459 796 3541 Lange
819 3459 840 3521 l.
856 3458 901 3537 ll,
924 3454 1100 3539 posteriore
1122 3462 1265 3538 tempore
1288 3457 1372 3525 adeo

245 3557 435 3640 praevaluit,
458 3562 503 3636 ut,
525 3557 705 3638 quicunque
728 3555 769 3620 de
791 3552 1082 3639 praepositionibus
1098 3559 1242 3637 egerunt,
1267 3555 1309 3620 ab
1333 3577 1371 3623 eo

245 3657 315 3738 ipso
339 3673 465 3738 semper
486 3653 618 3738 profecti
641 3655 713 3734 sint,
738 3672 800 3735 qua
822 3654 856 3716 in
878 3671 913 3718 re
935 3652 1017 3717 alter
1038 3652 1093 3718 ille
1115 3671 1213 3735 saepe
1239 3673 1371 3735 prorsus

246 3753 412 3834 neglectus
428 3760 484 3831 est,
508 3760 616 3835 utque,
632 3771 703 3816 cum
718 3750 973 3834 praepositiones
990 3769 1117 3834 semper
1131 3750 1225 3815 certis
1241 3752 1370 3819 casibus

245 3851 414 3934 appositae
436 3852 633 3934 legerentur,
660 3850 751 3932 ipsae
774 3848 870 3914 hosce
892 3867 983 3916 casus
1005 3868 1116 3932 regere
1139 3847 1203 3914 sint
1225 3856 1367 3931 putatae.

245 3946 348 4025 Quam
364 3948 555 4014 sententiam
577 3947 692 4014 falsam
707 3966 778 4014 esse
794 3967 879 4013 nune
894 3967 987 4015 nemo
1009 3947 1072 4012 iam
1096 3947 1272 4030 negaverit,
1297 3967 1368 4014 oum
