2948 4518
269 349 330 412 128
787 357 885 411 Funck

267 525 329 591 hue
360 533 437 594 ante
473 528 581 594 omnia
616 533 681 595 tres
714 529 777 594 ioci
810 529 985 612 Homerici,
1024 550 1155 614 quorum
1189 530 1312 614 primus
1346 539 1397 598 est

267 627 399 692 3143:

313 755 357 836 ὣς
381 757 479 845 φάτο,
503 769 593 826 τοῖσι
616 760 651 826 δὲ
675 759 785 845 θυμὸν
810 761 855 828 ἐνὶ
880 759 1064 850 στήθεσσιν
1089 759 1195 848 ὄρινεν

310 859 397 922 πᾶσι
418 855 501 939 μετὰ
523 854 668 942 πληθύν,
692 855 767 926 ὅσοι
790 855 827 926 οὗ
850 860 971 945 βουλῇς
995 859 1192 942 ἐπάκουσαν,

267 1011 321 1076 ubi
344 1012 445 1078 verba
472 1009 556 1093 μετὰ
579 1011 713 1098 πληθύν
741 1014 928 1098 plerumque
956 1034 1028 1080 cum
1059 1015 1144 1079 πᾶσι
1167 1016 1339 1082 coniuncta
1361 1016 1395 1080 in

267 1108 352 1174 huno
366 1109 495 1175 modum
517 1110 735 1195 explicantur:
758 1129 889 1189 ,omnes
906 1112 958 1194 qui
974 1114 1186 1179 versabantur
1207 1114 1293 1179 inter
1315 1114 1395 1178 mul-

268 1205 468 1290 titudinem“,
496 1227 536 1272 ac
565 1207 691 1276 videtur
719 1209 799 1274 haec
829 1228 909 1274 sane
936 1209 1174 1292 simplicissima
1200 1211 1262 1276 loci
1294 1211 1396 1297 expli·

267 1302 467 1371 candidatio
496 1325 567 1373 osse
590 1307 725 1386 (Schol.:
756 1303 828 1372 ἀντὶ
857 1307 915 1372 τοῦ
946 1305 978 1372 ἒν
1009 1309 1056 1390 τῷ
1086 1306 1231 1393 πλήθει,
1264 1301 1286 1396 ἢ
1309 1308 1392 1372 κατὰ

267 1397 305 1464 τὸ
328 1399 484 1484 πλῆθος).

353 1515 443 1582 Alter
466 1518 554 1582 locus
576 1516 693 1600 iegitur
713 1520 733 1580 Ι
755 1521 809 1582 54:

314 1667 463 1750 Τυδείδη,
488 1665 566 1754 πέρι
588 1668 647 1752 μὲν
671 1667 806 1754 πολέμῳ
831 1665 879 1734 ἔνι
902 1669 1056 1754 καρτερός
1080 1669 1162 1750 ἐσσι,

310 1767 362 1830 καὶ
385 1766 488 1852 βουλῇ
511 1764 594 1848 μετοὶ
617 1765 745 1845 πάντας
769 1761 927 1853 ὁμήλικας
950 1767 1051 1835 ἔπλεο
1076 1765 1220 1853 ἄριστος,

268 1902 318 1968 cui
340 1902 464 1969 accedit
486 1905 596 1970 tertius
619 1906 707 1971 loeus
730 1906 911 1972 simillimus
935 1929 961 1970 α
984 1909 1061 1972 419:
1101 1959 1103 1964 .

306 2030 453 2102 Ἀντίνο’
478 2033 572 2121 ὕβριν
595 2036 684 2120 ἐ’χων,
709 2039 919 2127 κακομήχανε,
944 2043 997 2106 καὶ
1022 2041 1057 2106 δέ
1081 2045 1117 2106 σέ
1140 2063 1242 2126 φασιν

311 2133 344 2199 ἒν
368 2133 459 2220 δήμῳ
480 2129 608 2220 Ἰθάκης
630 2133 713 2218 μεθ’
740 2134 897 2222 ὁμήλικας
920 2135 1019 2222 ’ἔμμεν
1044 2136 1179 2224 ἄριστον

309 2231 413 2320 βουλῇ
436 2231 490 2299 καὶ
511 2231 663 2317 μύθοισι.

269 2371 318 2436 De
347 2370 397 2436 his
420 2370 549 2454 quidem
577 2373 655 2439 locis
678 2373 733 2439 vix
760 2374 849 2439 aliud
879 2376 1049 2457 quicquam
1076 2374 1138 2440 dici
1166 2379 1273 2457 potest
1296 2393 1391 2456 quam

268 2467 338 2548 hoo,
361 2470 577 2534 accusativum
606 2472 704 2552 plane
726 2471 841 2536 eadem
863 2475 910 2556 vi,
941 2493 1004 2555 qua
1025 2474 1210 2554 ceteroquin
1238 2468 1393 2551 dativum,

267 2583 337 2629 eum
360 2561 443 2643 μετά
466 2565 761 2634 coniunctum-esse
783 2569 891 2650 itaque
914 2570 1073 2652 pertinere
1096 2571 1246 2654 exempla
1269 2575 1328 2638 ilia
1351 2573 1393 2639 ad

267 2663 441 2728 accusativi
464 2684 554 2730 usum
577 2664 768 2745 liberiorem,
795 2686 856 2749 quo
880 2667 963 2733 hunc
986 2687 1094 2733 casum
1117 2671 1293 2750 posteriore
1316 2679 1393 2738 tern-

268 2779 346 2843 pore
375 2761 477 2845 magis
506 2762 672 2845 magisque
700 2763 732 2827 in
761 2763 896 2830 aliorum
926 2785 1056 2832 casuum
1085 2766 1189 2831 locum
1219 2769 1391 2836 succedere

268 2856 423 2925 videmus.
461 2858 551 2927 Idem
573 2861 642 2926 iure
663 2861 784 2927 iudicat
798 2863 1013 2930 Mommsenus
1036 2867 1080 2946 (p.
1096 2867 1148 2940 30)
1172 2863 1213 2930 de
1231 2865 1391 2934 locutione
1410 2943 1413 2948 ,

268 2951 354 3036 ἔχειν
377 2953 460 3038 μετὰ
480 2967 607 3040 χεῖρας,
638 2979 719 3043 quae
742 2959 829 3043 apud
853 2960 1024 3025 Homerum
1047 2961 1189 3026 nondum
1218 2961 1390 3044 invenitur,

269 3054 326 3121 sed
349 3056 465 3138 iegitur
493 3055 580 3141 apud
604 3055 801 3122 Herodotum
825 3057 901 3138 VII,
928 3060 983 3140 16,
1014 3056 1238 3142 Thucydidem
1262 3060 1294 3143 Ι,
1323 3065 1390 3142 138,

267 3152 341 3218 aliis
362 3152 472 3218 multis
494 3155 587 3238 locis;
612 3154 770 3219 Homerus
791 3156 919 3239 saepius
943 3156 1040 3222 habet
1061 3153 1144 3235 μετὰ
1158 3162 1277 3238 χερσίν,
1303 3160 1391 3226 velut

267 3255 306 3314 A
330 3255 349 3314 4
371 3249 533 3331 πολέμοιο
550 3255 646 3335 τέρας
661 3249 744 3334 μετὰ
765 3250 874 3334 χερσὶν
893 3249 1047 3333 ἔχουσαν,
1076 3257 1134 3318 184
1157 3249 1210 3334 ἔχε
1233 3250 1267 3320 d'
1294 3249 1390 3322 eiece-

268 3345 375 3432 ροττὴν
396 3345 480 3429 μετὰ
503 3345 623 3432 χερσίν.

353 3447 444 3513 Alius
473 3447 647 3514 accusativi
683 3468 702 3514 e
733 3447 972 3532 praepositione
1003 3445 1086 3528 μετά
1114 3451 1287 3533 pendentis
1317 3473 1389 3519 usus

268 3564 333 3610 non
355 3543 459 3610 minus
487 3546 585 3611 mirus
611 3544 846 3629 quodammodo
875 3547 1054 3630 explicatur
1081 3548 1233 3630 analogia
1261 3549 1390 3633 linguae

268 3642 420 3726 Latinae3
443 3662 518 3708 nam
533 3642 614 3708 sicut
629 3643 672 3707 ibi
695 3642 853 3727 particula
869 3644 960 3717 inter,
984 3662 1066 3727 quae
1088 3645 1154 3711 fere
1170 3644 1293 3712 Gracco
1308 3645 1389 3728 μετά

268 3739 449 3823 respondet,
472 3759 544 3805 cnm
566 3741 748 3806 accusativo
770 3741 981 3825 coniungitur,
1005 3763 1066 3825 quo
1089 3742 1122 3808 in
1149 3762 1208 3808 usu
1229 3743 1389 3810 interdum

268 3835 333 3905 vim
356 3838 455 3904 nostri
478 3839 674 3917 ,wahrend“
696 3839 842 3923 accipere
864 3841 945 3906 solet
968 3841 1017 3918 (ct
1041 3841 1123 3904 inter
1144 3850 1278 3913 noctem,
1310 3845 1389 3905 ἕκτον

270 3956 390 4012 ccccm,
419 3937 512 4020 alia),
541 3939 586 4002 ita
614 3935 697 4019 μετά
722 3958 950 4022 nonnunquam
972 3939 1033 4004 hac
1055 3939 1087 4003 vi
1109 3945 1294 4021 usurpatum
1318 3960 1386 4006 cum
