2948 4518
470 360 503 415 de
519 358 719 430 praeposiu'one
735 356 814 426 perd.
1159 352 1216 414 127

84 534 148 602 bac
170 533 303 600 notione
324 533 476 619 primaria
498 551 625 600 omnem
640 530 785 598 Graecae
807 528 896 596 vocis
916 522 1003 609 μετά
1025 545 1119 594 nsum
1135 526 1217 593 deri·

84 631 155 698 vari
178 633 267 698 clare
294 630 433 698 ostendit
455 630 577 696 Pottius
599 631 661 706 (ut.
686 628 722 694 F.
744 629 797 710 1²,
821 631 911 710 755),
935 625 1027 700 cuins
1056 625 1217 694 sententia

84 727 292 796 confirmatur
314 730 410 796 etiam
433 728 486 810 iis,
516 747 599 810 quae
621 747 639 793 e
661 727 850 794 Mommseni
872 726 913 794 de
936 747 997 794 usu
1019 727 1109 793 vocis
1130 720 1215 806 μετά

85 827 257 895 Homerico
279 828 466 910 quaestione
486 830 649 910 comperta
669 824 835 892 habemus.

172 925 464 1008 Frequentisslmus
492 924 576 990 enim
607 923 855 1007 praepositionis
883 919 968 1004 μετά
994 943 1072 992 usus
1094 922 1127 987 in
1150 942 1216 989 car·

84 1025 229 1092 minibus
257 1021 434 1090 Homericis
466 1022 517 1088 hic
549 1027 613 1102 est,
646 1027 681 1088 ut
713 1021 823 1087 dativo
857 1023 1048 1106 plerumque
1080 1019 1215 1105 pluralis

84 1123 211 1190 numeri
233 1120 383 1206 apposita
403 1119 489 1186 idem
512 1120 621 1186 valeat
648 1119 734 1203 quod
756 1125 899 1186 nostrum
928 1121 1083 1194 inmittere,
1114 1128 1213 1192 noter,

86 1223 159 1298 Lat.
182 1221 276 1297 mter,
300 1219 394 1302 Angl.
418 1237 539 1302 among,
562 1217 712 1292 betweenr
735 1218 953 1302 Franco-gall.
975 1221 1092 1303 parmi,
1116 1227 1214 1281 entre.

84 1321 141 1388 Sic
172 1338 245 1384 cum
277 1317 394 1401 plurali
427 1334 559 1382 numero
592 1316 713 1383 sociata
749 1317 868 1401 legitur
899 1315 983 1398 μετά
1019 1315 1215 1401 praepositio

84 1424 125 1484 A
141 1422 205 1483 416
227 1412 311 1495 μετὰ
331 1415 522 1499 γναμπτῇσι
536 1419 696 1497 γένυσσιν,
724 1421 755 1478 Τ
770 1421 830 1481 110
852 1413 937 1499 μετὰ
951 1420 1086 1492 ποσσίν,
1110 1416 1140 1477 E
1154 1416 1216 1478 344

83 1513 172 1596 μετὰ
193 1518 319 1594 χερσίν,
348 1512 422 1577 aliis
446 1511 552 1578 multis
581 1513 672 1595 locis,
701 1533 772 1579 oum
795 1515 952 1598 singulari
978 1532 1112 1579 numero
1142 1511 1216 1578 sub·

83 1610 230 1692 stantivi,
253 1611 341 1676 cuius
355 1611 525 1677 collectiva
546 1617 595 1678 est
616 1611 713 1692 notio,
736 1617 772 1675 X
786 1616 826 1678 49
847 1610 932 1694 μετὰ
955 1611 1096 1693 στρατῷ.
1135 1607 1214 1673 Cum

84 1711 152 1776 alio
176 1707 286 1774 dativo
314 1708 469 1790 singulari
498 1727 627 1774 numero
656 1710 759 1792 posito
787 1708 871 1789 μετά
901 1707 1097 1794 praepositio
1125 1704 1214 1789 apud

85 1809 262 1874 Homerum
284 1825 440 1888 nusquam
463 1805 624 1870 invenitur
644 1812 835 1888 constructa,
859 1815 892 1874 et
912 1813 1062 1892 spectant
1084 1804 1213 1888 quidem

86 1903 310 1984 substantiva,
340 1903 456 1985 quibus
470 1903 597 1968 adiecta
619 1909 684 1986 est,
715 1905 814 1972 multo
829 1905 959 1990 saepius
981 1905 1023 1972 ad
1047 1921 1213 1988 personas,

85 2023 183 2086 quam
198 2000 318 2066 adres.
355 2001 491 2084 Semper
505 2007 611 2066 autem
633 2001 667 2067 id
682 2003 821 2070 maxime
843 2003 1012 2084 indicatur,
1035 2001 1213 2069 subiectum

84 2101 176 2166 verbi
200 2118 266 2164 non
287 2103 411 2162 tantum
427 2099 629 2166 coniunctum
652 2119 723 2168 esse
737 2121 808 2166 cum
824 2102 982 2167 vocabulo
999 2121 1048 2183 eo,
1071 2097 1157 2182 quod
1180 2099 1213 2163 in

85 2198 198 2263 dativo
231 2215 307 2261 casu
335 2195 521 2279 adiungitur
553 2196 624 2274 (σύν
651 2199 704 2264 vel
737 2200 834 2264 etlam
863 2193 961 2279 ἅμα»,
995 2199 1053 2265 sed
1083 2215 1213 2282 prorsus

85 2294 234 2361 ciusdem
266 2292 314 2359 rei
348 2295 508 2378 particeps
541 2315 624 2378 esse,
659 2296 692 2360 in
721 2293 834 2360 eadem
864 2295 1051 2360 condicione
1080 2293 1211 2374 versari,

84 2391 174 2457 idem
212 2409 326 2474 agere3
370 2390 457 2457 unde
501 2392 642 2474 sequitur
682 2391 950 2477 praepositionem
994 2389 1078 2473 μετά
1113 2391 1213 2456 artius

84 2489 241 2556 sociatam
275 2506 347 2554 esse
380 2489 564 2555 babendum
601 2511 670 2556 cum
704 2491 834 2558 notione
867 2491 974 2572 verbi,
1012 2510 1108 2574 quam
1139 2488 1214 2553 illas

83 2587 177 2666 alias,
200 2604 284 2668 quae
306 2585 413 2669 potius
434 2588 596 2654 nominum
619 2590 702 2656 inter
723 2609 759 2656 se
780 2589 1035 2656 coniunctionem
1058 2589 1214 2654 indicant.

85 2683 164 2749 Cum
194 2689 302 2748 autem
332 2684 391 2750 illa
418 2685 589 2764 adverbia,
624 2705 707 2768 quae
735 2695 849 2771 postea
877 2687 1151 2773 praepositionum
1180 2683 1213 2748 vi

84 2789 242 2865 usurpata
263 2781 483 2864 inveniuntur,
513 2786 576 2850 iam
606 2801 664 2867 per
685 2803 721 2849 se
742 2787 864 2868 optime
886 2805 958 2850 eum
983 2786 1150 2869 genetivo,
1180 2788 1214 2847 ut

84 2879 138 2961 qui
160 2897 255 2944 casus
276 2880 513 2962 copulationem
537 2879 670 2947 duarum
695 2900 799 2947 rerum
822 2881 995 2966 significet,
1019 2881 1213 2963 coniungan-

84 2985 151 3058 tur,
185 2976 289 3059 ipsum
318 2983 424 3042 autem
453 2977 643 3044 adverbium
672 2976 757 3058 μετά
784 2981 1043 3048 coniunctionem
1070 2979 1213 3062 aliquam

84 3072 221 3153 indicet,
250 3072 392 3157 prolecto
414 3095 478 3140 non
500 3077 706 3152 mirabimur,
735 3078 941 3161 quodetiam
970 3079 1154 3162 genetivum
1184 3077 1214 3142 ei

82 3171 265 3255 appositum
287 3171 477 3258 invenimus,
500 3175 589 3258 apud
613 3175 786 3243 Homerum
810 3179 939 3262 quidem
962 3177 1132 3255 rarissime,
1155 3174 1215 3241 sed

83 3288 122 3336 eo
144 3269 274 3352 saepius
302 3272 476 3353 posteriore
498 3281 661 3357 tempore,
690 3274 737 3340 ita
758 3285 883 3357 tamen,
915 3285 948 3342 ut
970 3276 1104 3360 optimo,
1129 3271 1214 3357 quod

85 3367 214 3447 dieitur,
245 3375 388 3452 tempore
417 3372 504 3454 apud
535 3371 708 3454 scriptores
737 3393 854 3457 prosae
883 3373 1038 3440 orationis
1067 3377 1213 3454 (excepto

83 3485 147 3531 uno
170 3465 398 3549 Xenophonte)
426 3477 524 3551 atque
551 3475 666 3550 politas
688 3487 796 3536 eorum
819 3469 1003 3536 consimiles
1031 3467 1116 3550 μετά
1140 3488 1211 3535 cum

82 3563 234 3646 genetivo
266 3583 394 3648 semper
426 3565 493 3632 lere
527 3566 570 3631 ibi
604 3573 789 3650 usurpatum
823 3567 880 3647 sit,
915 3569 969 3635 ubi
1003 3581 1119 3652 poetae
1147 3587 1212 3632 non

84 3661 189 3727 minus
220 3666 407 3727 constanter
440 3661 499 3728 σύν
528 3683 599 3730 cum
629 3663 740 3730 dativo
773 3682 895 3749 ponere
924 3666 1090 3746 solebant,
1123 3663 1213 3730 cuius

84 3779 159 3826 usus
181 3779 280 3843 supra
301 3759 366 3824 iam
389 3761 525 3828 anobis
547 3761 666 3828 mentio
689 3770 738 3830 est
760 3764 854 3830 taeta.

169 3855 236 3924 Sed
273 3855 493 3925 difficultatem
531 3860 688 3942 praebent
724 3861 872 3928 nonnulli
914 3861 992 3942 loci,
1038 3859 1091 3924 ubi
1128 3857 1213 3938 μετά

83 3955 197 4024 eadem
214 3953 334 4022 vicum
356 3958 539 4024 accusativo
560 3959 761 4026 coniunctum
784 3979 856 4026 esse
873 3959 1012 4026 videtur.
1047 3955 1215 4024 Pertinent
