2948 4518
500 1219 838 1290 carnotensum.

639 1395 658 1475 s
684 1399 710 1458 1.

193 1545 430 1612 Vocabulorum
446 1547 693 1630 compositorum
713 1547 886 1614 novissimo
909 1555 1052 1632 tempore
1067 1549 1126 1612 viri
1149 1549 1234 1614 docti

105 1669 146 1716 ea
169 1645 316 1730 quidem,
348 1663 430 1727 quae
460 1645 622 1710 nominum
652 1646 735 1711 inter
764 1666 799 1712 se
827 1646 1049 1712 coniunctione
1072 1653 1146 1712 sunt
1174 1647 1234 1712 tor-

105 1753 211 1825 mata,
242 1761 365 1810 summo
394 1739 499 1806 studio
528 1743 784 1824 perquisiverunt
811 1744 919 1826 itaque
948 1743 989 1809 de
1018 1744 1112 1810 huius
1133 1744 1234 1828 ipsius

105 1844 221 1910 classis
243 1849 275 1907 et
297 1841 399 1904 torma
420 1847 452 1905 et
473 1839 505 1902 vi
528 1846 577 1904 sut
598 1841 708 1906 multis
729 1841 819 1906 libris
841 1842 1000 1907 uberrime
1022 1849 1118 1924 atque
1140 1861 1232 1908 accu-

104 1941 266 2008 ratissime
289 1945 338 2004 est
360 1936 549 2020 expositum.
588 1937 717 2004 Nullum
733 1958 810 2005 vero
833 1939 988 2005 habemus
1012 1939 1136 2021 librum,
1160 1960 1232 2022 quo,

106 2058 190 2122 quae
206 2039 247 2104 sit
261 2037 430 2102 verborum
446 2035 684 2119 compositionis
701 2038 793 2118 ratio,
817 2036 1018 2118 edoceamur,
1041 2057 1232 2120 quamquam

105 2143 194 2202 certe
215 2134 388 2214 nonnulla,
418 2152 500 2216 quae
522 2135 584 2198 huc
606 2141 768 2218 spectant,
792 2155 813 2199 a
835 2135 940 2201 Pottio
961 2138 995 2200 in
1018 2141 1152 2218 quaesti.
1177 2143 1231 2202 ett.

105 2233 204 2298 vol.l
226 2231 371 2296 indicata
386 2231 488 2313 magis
504 2251 599 2313 quam
622 2233 747 2297 ratione
770 2241 801 2297 et
816 2233 870 2297 via
892 2233 1039 2317 exposita
1060 2240 1143 2314 sunt,
1166 2234 1233 2299 alia

106 2331 150 2396 ab
166 2330 239 2396 aliis
260 2329 313 2395 hic
335 2329 402 2394 illio
425 2337 499 2394 sunt
520 2336 666 2394 tractata.
704 2328 808 2394 Causa
830 2349 885 2394 cur
906 2331 1012 2396 adhuc
1034 2351 1074 2397 ea
1088 2331 1232 2413 quaestio

106 2430 174 2495 iere
197 2429 345 2511 neglecta
367 2428 417 2506 sit,
441 2427 575 2491 tortasse
598 2426 678 2492 haec
700 2434 759 2508 est,
783 2426 868 2509 quod
891 2428 1138 2511 primoquidem
1161 2448 1232 2495 ocu-

106 2529 211 2592 lorum
241 2527 352 2590 obtutu
383 2532 450 2589 tota
478 2524 647 2590 verborum
678 2523 865 2609 compositio
899 2533 965 2592 tam
994 2527 1131 2611 simplex
1161 2546 1233 2594 esse

105 2625 244 2703 videtur,
267 2631 304 2688 ut
318 2621 372 2686 vi'x
388 2623 532 2705 quaestio
556 2622 597 2688 de
620 2642 659 2687 ea
673 2624 795 2690 moveri
817 2622 926 2707 possit,
950 2624 1138 2708 praesertim
1160 2645 1231 2690 cum

106 2743 149 2788 ne
172 2721 408 2805 comparatione
434 2720 561 2802 quidem
590 2721 770 2803 linguarum
800 2729 1007 2806 cognatarum
1035 2721 1125 2787 aliud
1155 2721 1232 2804 quid

106 2819 188 2888 effici
211 2838 306 2903 posse
328 2817 491 2898 videatur,
520 2838 615 2901 qnam
637 2829 672 2883 ut
694 2819 838 2901 regulam
861 2820 1076 2901 notissimam,
1106 2838 1145 2884 ex
1168 2837 1231 2902 qua

107 2939 178 2984 cum
201 2917 291 2983 nullo
313 2917 376 2980 alio
393 2915 549 2981 vocabulo
572 2915 634 2980 nisi
656 2935 727 2980 cum
749 2917 988 3000 praepositione
1003 2917 1134 2983 verbum
1158 2936 1231 2982 con·

104 3015 260 3098 iungitur,
293 3033 351 3098 per
374 3033 484 3079 omnes
506 3013 814 3098 Indogermanorum
839 3013 967 3098 linguas
989 3015 1100 3082 valere
1121 3013 1231 3080 coufir-

104 3113 247 3186 metur¹).
292 3115 338 3177 Ac
361 3111 517 3196 proiecto,
541 3112 567 3177 si
591 3113 678 3178 solas
699 3112 817 3177 formas
841 3121 1038 3196 spectamus,
1067 3113 1121 3177 rix
1145 3113 1229 3194 quio-

104 3231 200 3296 quam
230 3210 366 3275 inveniri
396 3218 517 3294 potest,
549 3207 634 3290 quod
663 3211 840 3294 simplicius
868 3210 909 3276 sit
937 3231 1031 3294 qnam
1060 3210 1228 3277 verborum

104 3330 174 3376 cum
204 3309 494 3392 praepositionibus
523 3308 720 3390 compositio.
764 3305 854 3386 Quae
882 3308 914 3372 iu
947 3309 1072 3374 Graeca
1100 3307 1228 3389 quidem

104 3409 216 3490 lingna
239 3405 425 3488 plerumque
447 3407 492 3470 ita
514 3404 557 3486 fit,
582 3413 615 3470 ut
630 3412 764 3488 utraque
787 3425 861 3488 pars
884 3426 1013 3488 prorsus
1028 3425 1092 3469 non
1107 3411 1231 3471 mutatu

104 3509 287 3586 remaneat3
318 3503 518 3587 excipiuntur
540 3511 664 3568 tantum
688 3521 807 3586 parvae
829 3503 906 3568 illae
929 3501 1141 3587 praefixorum
1163 3523 1230 3568 mn-

104 3602 259 3682 tationes,
289 3619 371 3682 quae
399 3601 432 3665 in
456 3619 493 3666 eo
516 3607 702 3682 comuntur,
734 3599 819 3686 quod
842 3601 963 3667 vocalis
991 3599 1125 3666 finitima
1153 3609 1230 3666 ante

103 3699 232 3765 vocales
255 3698 343 3781 apud
365 3718 476 3765 omnes
495 3698 636 3766 Graecos
659 3707 691 3766 et
712 3701 745 3766 in
769 3698 916 3765 omuibus
939 3697 1229 3784 praepositionibus

104 3837 271 3850 *1-

174 3903 192 3964 ¹)
212 3897 252 3952 Ci.
277 3897 388 3954 Lobeclr
411 3899 445 3954 ad
470 3897 568 3970 Phryn.
593 3919 618 3970 p.
638 3906 754 3972 ttosqq.
780 3900 814 3956 de
836 3899 882 3968 iis,
907 3915 976 3970 quae
1003 3899 1037 3954 ab
1060 3899 1111 3954 hac
1134 3915 1229 3956 norma

104 3979 235 4038 recedunt
252 3979 293 4036 rel
311 3979 437 4036 recedere
455 3979 587 4036 ridentur.

988 4069 1022 4118 S*
