2948 4518
470 376 503 430 de
520 377 722 446 praepositione
738 375 816 446 μετά.
1154 378 1213 438 147

85 565 198 628 neque
225 547 291 612 alia
312 547 411 613 verba
439 547 552 629 eundi,
581 554 616 612 ut
637 546 851 633 μετέρχομαι,
882 549 915 614 vi
943 550 1090 616 mutandi
1112 557 1214 628 (μετ-

85 643 230 724 gehen¹⁶t
257 643 463 711 instruuntur.
514 644 647 711 Accedit
677 644 761 727 quod
790 667 831 714 ne
860 645 905 712 sic
934 646 1063 730 quidem
1092 648 1214 715 formae

84 739 297 822 μεταμώνιος
324 764 341 803 ν
369 741 479 807 littera
504 743 584 807 satis
613 742 790 824 expeditur.
836 742 960 810 Certius
988 744 1140 810 iudicium
1169 745 1214 811 ia·

85 857 166 903 cere
190 837 263 903 licet
291 837 333 904 de
354 839 487 904 vocibus
513 835 745 920 μετάρσιος
774 847 806 906 et
834 838 1051 926 μετήορος,
1081 861 1213 923 quarum

86 943 126 1000 et
148 935 196 1000 vis
216 942 264 1001 est
287 934 400 1001 eadem
422 936 477 1013 „in
499 935 628 1001 sublimi
657 935 814 1020 pendens,
837 957 1023 1020 suspensus,
1046 937 1213 1004 sublimis“

86 1039 127 1097 et
155 1031 240 1114 origo
268 1032 310 1097 ab
339 1031 453 1098 eadem
483 1032 693 1099 radicemur
721 1032 845 1098 ducitur
872 1034 924 1111 (ct.
952 1033 1078 1101 Curtius
1101 1035 1213 1102 (ludat

86 1149 125 1212 p.
154 1131 235 1196 3561.
287 1129 350 1194 Vix
382 1130 467 1196 enim
497 1149 568 1194 oum
597 1130 702 1194 Portio
734 1131 783 1204 (E.
814 1131 849 1195 F.
879 1132 920 1213 1²,
952 1135 1026 1211 757)
1053 1129 1213 1216 μετήορος

86 1245 165 1290 oum
188 1217 249 1312 ἀήρ
272 1227 516 1309 coniungemus‚
546 1227 734 1311 praesertim
757 1248 827 1292 cum
855 1228 936 1294 haec
958 1229 1089 1312 originis
1112 1230 1213 1313 expli-

86 1321 215 1388 candae
238 1325 319 1389 ratio
333 1323 368 1388 in
382 1343 478 1389 voces
500 1324 570 1390 sine
587 1324 684 1389 dubio
699 1331 854 1408 cognatas
870 1322 1029 1410 ουνήορος
1044 1322 1213 1409 παρήορος

87 1420 222 1486 minime
249 1419 394 1502 quadret.
439 1419 707 1486 Proficiscendum
735 1422 832 1505 igitur
859 1421 985 1488 videtur
1015 1442 1087 1489 esse
1117 1444 1137 1487 a
1164 1443 1214 1488 ra-

87 1517 165 1582 dice
184 1538 258 1580 εοαι·
280 1516 347 1596 (Gr.
370 1513 521 1600 d-orsp,
551 1517 637 1584 unde
660 1511 772 1600 ἀείρω)
802 1519 1011 1600 „schwebom
1040 1520 1213 1585 schwobcn

88 1613 259 1692 machen“‚
283 1622 316 1680 et
338 1613 456 1680 deinde
478 1633 498 1678 a
519 1615 619 1698 stirpe
641 1616 729 1681 verbi
752 1612 940 1696 *μεταιιρω
963 1613 1157 1694 „binbebem
1180 1616 1214 1680 in

88 1709 146 1776 die
167 1711 323 1777 Schwabe
351 1711 508 1794 bringen“
537 1712 658 1794 optime
685 1711 849 1776 derivatur
869 1711 1062 1777 adiectivum
1088 1710 1214 1794 *μετα-

88 1830 199 1889 ιτορος,
222 1805 409 1890 *μετασρος
432 1808 482 1888 (01.
504 1809 596 1875 Aeol.
620 1807 787 1888 πεδάορος
809 1807 878 1872 Alc.
901 1808 940 1872 fr.
955 1811 1018 1889 97),
1041 1808 1212 1896 μετήορος,

87 1909 263 1987 μετέωρος.
316 1906 483 1971 Invenitur
515 1905 575 1970 hoo
603 1905 795 1971 venabulum
826 1903 890 1968 iam
923 1906 1012 1988 apud
1041 1908 1213 1972 Homerum

93 2005 125 2065 Θ
142 2007 182 2066 26
204 2000 246 2067 τὰ
268 2002 304 2066 δέ
326 1997 358 2064 κ’
384 1989 462 2066 αὖτε
476 2000 622 2087 μετήορα
645 2001 756 2067 πάντα
778 2005 924 2086 γένοιτος
951 2004 1059 2068 ἰ11309
1083 1997 1215 2086 άρματα

90 2149 99 2162 .
136 2149 143 2163 .
177 2149 185 2163 .
225 2092 358 2178 ἆίξασκε
393 2097 555 2184 μετήορα,
589 2109 686 2183 atque
723 2100 910 2182 saepissimo
946 2100 1034 2183 apud
1070 2109 1216 2184 posteros

89 2205 247 2280 auctores,
271 2197 411 2262 maxime
426 2197 593 2262 Platonem
617 2206 648 2262 et
669 2195 928 2278 Aristophanem,
950 2205 985 2260 ut
1007 2198 1061 2260 Ar.
1083 2198 1157 2262 Pac.
1175 2202 1214 2262 80

89 2291 256 2376 μετέωρος
279 2292 426 2376 αἴρεται;
448 2294 530 2358 Plat.
546 2294 628 2358 Tim.
651 2314 683 2376 p.
702 2293 778 2357 8οΑ
801 2285 863 2354 ὅσα
881 2287 1051 2374 ἀφεθέντα
1066 2297 1215 2376 μετέωρα

90 2389 146 2454 καὶ
174 2387 238 2456 ὅσα
268 2388 327 2454 ἐπὶ
354 2391 414 2476 μής
445 2393 597 2474 (piperum
626 2388 714 2472 apud
738 2387 925 2470 Euripidem
953 2407 1064 2454 vocem
1090 2409 1216 2472 compo·

90 2481 185 2553 sitam
214 2483 525 2568 μετεωρο-λόγως
554 2486 710 2554 habemns
732 2485 777 2550 ir.
806 2488 868 2549 905
897 2483 1150 2570 μετεωρολόγων
1180 2483 1213 2550 δ’

91 2583 167 2660 ἑκὰς
190 2583 328 2668 ἔρριψεν
351 2581 486 2660 σκολιάς
508 2575 649 2660 άπάτας.
695 2584 744 2648 ΕΟ
769 2583 898 2664 saepius
920 2582 1006 2664 apud
1029 2582 1215 2666 Euripidem

90 2683 208 2766 legitur
229 2682 318 2748 aliud
340 2681 533 2747 adiectivum
556 2681 699 2747 eiusdem
721 2679 861 2744 notionis
883 2699 905 2742 a
924 2685 1087 2746 contracta
1108 2680 1217 2762 stirpis

91 2777 173 2860 άεερ
195 2779 297 2845 forma
319 2774 361 2858 άρ
386 2782 432 2856 (ἃ)
456 2777 636 2842 derivatum
658 2766 895 2856 μετ-άρ-σι-ος,
920 2773 1005 2853 quod
1027 2776 1069 2840 ab
1088 2776 1219 2840 Homeri

92 2875 287 2940 carminibus
325 2876 466 2941 alienum
504 2878 567 2952 est,
605 2872 663 2939 sed
699 2870 861 2936 invenitur
895 2869 982 2951 apud
1021 2870 1216 2937 Herodotum

93 2971 185 3053 (VII,
218 2975 277 3036 188
301 2972 374 3053 νήες
402 2969 579 3052 μετάρσιοι
613 2969 688 3046 „aui
716 2967 817 3033 hohen
846 2967 909 3032 See
941 2965 1147 3051 hefindlich“‚
1178 2969 1217 3034 cf.

92 3072 258 3149 μετέωρος
280 3069 381 3134 Thoe.
403 3068 429 3146 1,
446 3072 509 3150 48),
532 3067 620 3149 apud
642 3065 834 3150 Sophoclem
857 3065 977 3146 (Antig.
995 3069 1077 3133 1009
1098 3061 1217 3148 μετάρ-

94 3186 164 3230 σιοι
192 3161 289 3245 χολαὶ
320 3165 568 3246 διεσπείροντο;
598 3163 714 3229 Trach.
738 3166 800 3230 780
829 3159 957 3226 ἐσπᾶτο
984 3159 1046 3248 γάρ
1076 3163 1218 3230 πέδονδε

93 3259 150 3326 καὶ
170 3257 377 3340 μετάρσιος),
407 3261 495 3344 apud
516 3259 765 3342 Aristophanem
795 3259 889 3335 (Avv.
916 3261 1027 3342 1383),
1057 3261 1153 3340 alios;
1184 3260 1217 3324 in

93 3357 213 3424 fabulis
242 3357 426 3439 Iduripidois
459 3356 590 3424 exhibet
629 3355 790 3440 propriam
822 3373 915 3421 suam
948 3355 1014 3419 vim
1049 3357 1126 3422 Hoc.
1155 3358 1218 3420 499

95 3445 264 3530 άνίστασ’,
280 3439 306 3516 ιδ
320 3446 465 3538 δύστηνε,
482 3453 535 3516 καὶ
549 3451 727 3537 μετάρσιον
740 3447 886 3534 πλευράν
903 3449 1040 3536 ἔπαιρεῑ
1056 3451 1127 3518 Hel.
1139 3454 1218 3528 2983

96 3553 165 3636 lph.
190 3553 227 3614 Τ.
252 3553 309 3632 27;
339 3547 413 3617 Her.
443 3551 464 3616 i.
492 3553 571 3617 1093
600 3553 641 3619 de
663 3549 792 3636 spiritu:
822 3544 930 3624 πνοὰς
958 3545 1088 3634 θερμὰς
1117 3553 1219 3626 πνέω,

95 3637 260 3730 μετάρσι’,
296 3639 333 3708 οὗ
362 3644 484 3730 βέβαια
512 3646 706 3730 πνευμόνων
729 3643 819 3728 άπος
850 3645 1014 3712 notionem
1043 3643 1219 3726 „sublimia

97 3745 261 3812 erhaben“
285 3741 441 3810 hahemus
461 3743 532 3809 Alc.
548 3749 610 3810 063
634 3742 697 3828 ἐγώ
720 3744 772 3810 καὶ
797 3739 853 3808 διὰ
874 3739 1001 3824 μούσας
1023 3742 1078 3808 καὶ
1099 3739 1220 3824 μετάρ-

97 3863 170 3916 σιος
191 3827 253 3924 ᾗξσ
283 3837 394 3914 (schol.
418 3841 495 3924 περὶ
523 3841 697 3926 μετεώρων
720 3837 928 3926 implicatam
960 3857 1067 3922 paene
1091 3847 1221 3904 nostrae

98 3938 168 4004 voci
195 3933 278 3998 erola
308 3937 481 4021 respondet
509 3939 610 4006 Andr.
637 3943 716 4006 tato
745 3931 946 4020 άμντεάμενα
974 3931 1066 4018 τάμὰ
1091 3934 1220 4020 φροῦδα

966 4039 1017 4092 10*
