2948 4518
218 275 279 338 120
739 276 838 330 Funck

216 443 413 532 verbumque
442 450 579 533 simplex
602 449 777 532 composito
800 449 845 513 ita
868 447 1048 530 oppositum
1079 466 1149 516 esse
1178 455 1213 514 ut
1239 468 1347 532 genus

218 549 336 633 speciei
359 548 444 628 (Pott
467 547 504 612 E.
521 547 557 612 F.
574 547 599 629 1,
617 549 678 623 21).
717 545 766 610 En
790 567 851 628 quo
874 546 1008 628 primum
1033 547 1093 612 hoo
1114 547 1344 632 intellegimus,

217 665 279 728 quo
309 645 404 711 latius
433 651 543 729 pateat
565 644 652 710 notio
675 643 829 728 simplicis
851 643 956 725 verbi,
987 663 1024 710 eo
1051 644 1159 727 plures
1178 645 1348 728 praeposi·

216 743 320 808 tiones
342 743 440 809 verbo
463 741 595 828 praefigi
625 761 721 825 posse
743 743 852 824 itaque
874 742 945 826 ipsa
966 749 1082 807 natura
1104 743 1346 827 compositionis

217 840 334 906 tactum
358 860 443 920 osse,
475 840 575 923 quod,
600 859 670 905 cum
694 857 721 904 e.
746 859 771 904 o.
803 837 937 921 ἔρχομαι
960 859 1030 906 oum
1053 839 1210 922 sedecim,
1234 836 1345 905 ποιέω

217 958 287 1003 curn
303 937 482 1020 quindecim
506 937 798 1021 praepositionibus
816 936 1017 1003 coniunctum
1040 944 1219 1021 usurpetur,
1242 937 1344 1004 rcrbo

217 1031 331 1102 riardo
355 1043 424 1100 octo
441 1041 564 1100 tantum
586 1032 750 1118 praefixae
772 1036 987 1100 inveniuntur.
1025 1037 1073 1102 Ao
1094 1055 1189 1120 porro
1207 1042 1346 1118 apparet

154 1133 158 1138 “
217 1133 457 1218 praepositione
490 1131 659 1214 adiuncta,
703 1133 730 1198 si
765 1133 855 1198 verbi
892 1134 1029 1216 amplior
1064 1140 1095 1199 et
1134 1133 1260 1218 plenior
1295 1139 1346 1200 est

217 1231 321 1310 notio,
356 1232 455 1296 multo
484 1229 613 1314 gravius
648 1230 733 1296 hano
761 1230 873 1296 mutari
904 1250 998 1313 posse
1027 1250 1121 1313 quam
1154 1231 1180 1298 si
1207 1230 1271 1296 iam
1302 1231 1345 1296 ab

216 1327 306 1392 initio
329 1328 566 1410 angustioribus
587 1326 703 1393 finibus
719 1327 956 1410 circumscripta
979 1334 1036 1410 est,
1061 1328 1145 1412 quod
1161 1348 1223 1413 quo
1245 1347 1345 1395 sensu

217 1425 336 1490 dictum
369 1426 426 1508 sit,
463 1425 558 1491 facile
585 1424 773 1508 intelleges,
807 1426 833 1490 si
856 1426 1091 1508 comparaveris
1121 1423 1344 1510 συγγράφω

217 1523 425 1602 „conscribo“
459 1543 528 1588 oum
567 1525 787 1586 σννανθέω
829 1544 915 1600 „uua
946 1523 1074 1606 floreo“‚
1115 1523 1345 1606 ἓπέρχομαι

218 1622 430 1704 „aggredior“
460 1641 529 1686 oum
560 1617 790 1702 ἐπιχορεύω
819 1621 931 1698 „iuxta
953 1622 1067 1704 salto“,
1097 1622 1223 1689 similia.
1268 1622 1345 1688 Vul-

217 1720 304 1801 garis
327 1725 433 1784 autern
456 1718 702 1803 praepositionis
725 1738 794 1784 oum
818 1719 916 1784 verbo
945 1719 1125 1785 coniunctio
1155 1741 1193 1787 ea
1214 1727 1278 1803 est,
1309 1728 1346 1786 ut

184 1883 187 1888 ,
218 1835 300 1898 quae
323 1816 502 1884 intercedat
524 1817 606 1881 ratio
635 1817 718 1882 inter
745 1817 921 1882 subiectum
945 1823 977 1881 et
999 1817 1155 1884 obiectum
1179 1819 1243 1882 alio
1266 1837 1344 1884 oasu

217 1913 415 1997 appositum,
444 1914 502 1980 illa
530 1912 704 1995 indicetur;
738 1915 846 1995 itaque
874 1915 1022 1995 quoniam
1053 1915 1346 1999 praepositionibus

218 2011 365 2078 notiones
387 2012 508 2077 locales
530 2011 670 2076 maxime
686 2009 796 2076 variae
811 2010 1038 2094 significantur,
1063 2013 1102 2078 iis
1124 2011 1274 2097 praefixis
1288 2021 1345 2080 aut

218 2110 308 2174 locus
337 2109 400 2185 (vel
423 2113 576 2192 tempus),
606 2128 625 2173 a
655 2129 716 2191 quo
747 2109 922 2174 subiectum
954 2108 1108 2176 abscedat
1136 2119 1176 2186 (c.
1200 2130 1225 2176 o.
1250 2103 1344 2189 ἀπό),

218 2205 328 2270 autin
352 2226 414 2289 quo
433 2213 577 2273 versetur
600 2213 639 2284 (e.
655 2226 681 2271 o.
706 2204 762 2284 ἐν),
785 2213 840 2272 aut
863 2226 924 2289 quo
947 2226 982 2273 so
1004 2207 1147 2274 conterat
1169 2213 1207 2287 (e.
1224 2228 1250 2274 o.
1275 2206 1344 2292 εἷς),

218 2304 397 2371 accuratius
426 2303 624 2372 describitur.
668 2306 766 2392 Prout
793 2311 899 2371 autem
928 2304 961 2369 iu
991 2312 1041 2371 sat
1063 2325 1180 2389 magno
1207 2327 1346 2392 praepo-

218 2402 366 2468 sitionum
390 2422 522 2469 nurnero
546 2401 736 2484 significatio
759 2401 913 2482 variatur,
945 2402 1132 2485 plerumque
1155 2404 1261 2470 verbis
1289 2413 1346 2472 aut

218 2499 386 2582 genetivus
419 2506 474 2565 aut
508 2498 647 2575 dativus
668 2504 724 2563 aut
747 2498 953 2576 ,accusativus
985 2499 1105 2582 apponi
1140 2502 1238 2582 solet,
1271 2522 1345 2569 cum

218 2603 328 2662 contra
357 2597 390 2661 in
418 2597 506 2677 aliis,
536 2595 625 2661 volut
651 2595 762 2675 iniis,
792 2613 966 2676 quaecum
996 2596 1150 2664 adverbio
1182 2594 1239 2662 σίν
1269 2607 1346 2666 sunt

219 2694 404 2778 composita,
430 2694 543 2760 eadem
567 2713 694 2778 semper
708 2692 900 2758 constructio
923 2693 1128 2778 adhibeatur,v
1148 2704 1180 2763 et
1202 2696 1257 2762 ubi
1272 2717 1346 2765 oon-

218 2793 411 2858 iuuotionem
439 2792 502 2857 iam
539 2791 710 2876 perlectam
742 2798 773 2856 et
804 2790 984 2858 absolutam
1016 2797 1198 2870 (σννοικέω)
1228 2801 1261 2860 ct
1289 2798 1345 2864 ubi

219 2890 473 2956 coniunctionem
519 2890 590 2973 ipsa
629 2890 756 2954 actione
795 2889 883 2955 verbi
930 2890 1096 2973 compositi
1141 2890 1344 2960 efficiendam

220 2992 366 3069 (συγχέαι)
396 2987 549 3053 indicent.
594 2987 675 3052 Huic
704 2986 800 3052 classi
828 2987 924 3070 longe
945 2988 1084 3071 plurima
1113 2989 1253 3054 omnium
1276 3012 1346 3058 ver-

219 3086 329 3151 borum
347 3085 591 3169 compositorum
615 3092 688 3151 sunt
703 3084 917 3167 attribuenda,
941 3083 1088 3167 equibus
1111 3105 1215 3167 pauca
1230 3089 1345 3157 afferre

219 3184 297 3249 satis
314 3183 387 3249 erit:
412 3175 606 3266 ἀπέρχομαι,
631 3175 818 3263 ἀποκρούων,
841 3181 954 3265 ἔξειμι,
971 3178 1141 3258 ἐξελαύνω,
1157 3185 1344 3265 aaronita),

221 3274 399 3364 ἀναβαίνω,
424 3277 596 3363 εἷσβάλλω,
622 3278 803 3362 ἐνδέχομαι,
829 3277 968 3361 σύνειμι,
993 3277 1132 3362 συνάγω.

306 3379 373 3443 Iam
397 3399 473 3445 vero
502 3378 566 3444 alia
591 3379 747 3445 habemus
770 3377 928 3443 vocabula
950 3378 1142 3460 composita,
1173 3380 1345 3462 inquibus

219 3475 414 3560 praepositio
438 3477 568 3542 minime
591 3477 632 3542 ad
656 3476 814 3542 obiectum
837 3474 968 3557 aliquod
989 3474 1079 3540 iuxta
1102 3478 1255 3562 positum,
1286 3480 1345 3546 sed

220 3572 262 3639 ad
292 3575 391 3640 solam
415 3573 505 3641 verbi
534 3576 694 3641 notionem
725 3579 857 3655 spectat.
903 3571 992 3638 Dixit
1020 3574 1061 3640 de
1091 3575 1179 3642 hisce
1205 3577 1344 3646 maximo

220 3671 462 3738 Schoemannus
478 3670 647 3748 (Redethle
670 3693 699 3755 p.
722 3673 803 3751 139),
827 3670 915 3737 ouius
931 3672 1039 3754 verba,
1063 3679 1098 3738 ut
1120 3692 1202 3754 quae
1224 3675 1344 3755 optimo

219 3789 286 3834 rem
311 3771 481 3854 explicent,
506 3789 544 3836 ex
568 3778 659 3854 parto
681 3768 809 3851 quidem
833 3769 904 3852 ipsa
927 3765 979 3835 bio
1000 3769 1162 3836 adscribo:

300 3865 381 3944 .„Olt
402 3869 442 3934 ist
464 3888 498 3935 es
521 3889 581 3933 nur
602 3869 653 3934 ein
669 3867 872 3933 Verbaltniss
889 3867 946 3936 des
962 3869 1055 3935 einen
1074 3867 1129 3933 dor
1144 3868 1185 3932 im
1202 3868 1342 3936 Verbum
