2948 4518
164 443 166 448 Ι
242 359 303 422 158
761 363 859 418 Fuuck

245 533 327 611 λεδς,
350 531 433 616 μετὰ
464 525 497 595 δ’
530 529 686 613 ἐτράπετ’
717 528 833 598 αὐτίκα
863 530 896 597 δ’
929 532 1029 621 έμνω;
1058 535 1151 600 Pind.
1173 535 1211 600 fr.
1238 539 1298 602 164
1325 536 1367 602 de
1459 566 1460 600 r

245 632 383 715 Oedipo:
413 627 637 712 πεπρωμέναν
660 627 761 714 ’έθηκε
782 636 902 714 μοίραν
924 637 1148 714 μετατραπεῖν
1172 629 1368 718 ἀνδροφθό-

245 749 319 810 ρον·
351 724 427 792 οὐδὲ
457 727 533 811 σιγᾷ
562 723 729 812 κατερρύη.
776 729 916 794 Verbum
940 731 1046 813 ipsum
1068 729 1155 814 apud
1178 730 1368 814 Euripidem
1459 725 1460 730 ’

244 849 309 892 non
330 826 456 909 legitur,
479 825 536 891 sed
556 825 791 891 substantivum
806 834 977 909 cognatum
999 822 1249 912 μετατροπή
1266 826 1368 893 Andr.

246 929 305 989 491
338 922 388 990 ἐ’τι
418 945 455 987 σε
485 919 608 986 πότνια
642 920 836 1004 μετατροπά
865 920 966 986 τῶνδ’
998 923 1130 990 έπεισιν
1162 924 1281 1008 ἔργων,
1315 924 1371 989 ubi

245 1023 344 1088 habet
371 1021 437 1086 vim
464 1021 564 1086 nostri
591 1019 770 1103 Πωσολίοη,
807 1020 1011 1105 Verpeltuop,
1045 1043 1108 1105 qua
1137 1042 1209 1088 oum
1237 1021 1370 1088 notione

246 1117 480 1201 comparandus
496 1125 545 1184 est
559 1138 635 1183 usus
650 1117 800 1183 adieetivi
815 1115 1058 1200 μετάτροπα
1067 1143 1084 1196 ς
1100 1119 1176 1186 Hes.
1191 1120 1316 1202 Theog.
1330 1122 1370 1184 89
1460 1130 1461 1204 i

353 1257 489 1326 τοδνεκα
511 1256 571 1342 γάρ
593 1259 749 1343 βασιλῆες
771 1257 953 1344 ἐχέφρονες,
977 1257 1093 1328 οὕνεκα
1115 1263 1209 1338 λαοῖς

354 1354 597 1440 βλαπτομένοις
621 1353 765 1442 ἀγορῆφι
787 1357 981 1440 μετάτροπα
1004 1359 1081 1442 ἔργα
1103 1360 1234 1425 τελεῦσι

354 1453 506 1539 ῥηιδίως,
529 1452 709 1535 μαλακοῖσι
732 1453 985 1540 παραιφάμενοι
1008 1455 1160 1541 iussum

249 1593 363 1658 Aesoh.
387 1592 475 1657 Pers.
495 1594 553 1655 941
581 1588 707 1672 δαίμων
730 1587 791 1673 γάρ
814 1584 870 1653 ὅδ’
895 1577 935 1652 αὖ
958 1590 1170 1688 μετάτροπος
1193 1587 1252 1656 ἐπ’
1279 1589 1370 1674 έμοί;

249 1693 322 1757 Eur.
351 1690 401 1754 El.
428 1690 508 1753 1148
538 1686 745 1772 μετάτροποι
774 1692 931 1751 πνέουσιν
961 1689 1059 1771 αὖραι
1096 1687 1221 1770 δόμων,
1256 1689 1373 1772 quibus
1461 1737 1462 1740 η

249 1785 477 1872 posterioribus
493 1787 571 1852 loois
587 1785 779 1870 proprioris
795 1787 891 1852 etiam
908 1788 1010 1869 magis
1025 1794 1170 1870 apparet.
1204 1786 1373 1852 Invenitur

250 1892 417 1971 praeterea
439 1884 671 1966 substantivum
695 1887 962 1965 μετατροπία
985 1883 1098 1950 eadem
1120 1885 1162 1967 vi,
1186 1904 1251 1965 qua
1272 1907 1373 1965 μετα-

250 1980 374 2067 τροπήε
404 1981 496 2046 Pind.
520 1982 579 2064 Py.
602 1980 651 2057 X,
676 1984 713 2044 31
744 1979 788 2065 μὴ
820 1985 1006 2062 φθονεραῖς
1035 1979 1069 2045 έκ
1098 1982 1189 2046 θεῶν
1211 2002 1374 2061 μετατρο-

251 2075 347 2154 πίαις
370 2075 591 2157 ἐπικύρσαιεν.
628 2078 678 2141 Ab
702 2077 814 2143 eadem
830 2077 939 2144 radioe
962 2078 1116 2160 originem
1133 2077 1226 2142 duxit
1247 2101 1374 2159 μετα-

251 2173 579 2258 τροπαλίζομαι,
610 2173 723 2240 eodem
752 2174 818 2241 fere
842 2195 905 2257 qua
926 2179 1175 2257 μετατρέπομαι
1198 2175 1231 2239 vi
1255 2174 1373 2241 dietum

255 2280 283 2338 Y
306 2278 365 2339 190
388 2270 462 2337 τότε
487 2265 519 2336 δ’
545 2268 584 2335 οά
606 2297 637 2335 τι
660 2272 941 2352 μετατροπαλίζεο
966 2271 1105 2357 φεύγων.
1462 2321 1463 2340 ι

338 2374 607 2454 μετατίθημι
643 2389 683 2435 ex
712 2371 841 2452 optimis
875 2370 966 2436 libris
994 2391 1014 2435 a
1042 2369 1157 2436 Wolfio
1191 2368 1372 2435 restitutum
1462 2357 1463 2394 ³

253 2479 301 2536 est
324 2490 344 2532 σ
367 2472 428 2532 402
451 2459 529 2531 αἴθ’
562 2459 690 2550 ὤφελλ’
716 2460 733 2528 δ
757 2466 862 2543 ξεῖνος
885 2458 1052 2547 ἀλώμενος
1075 2458 1199 2530 ἄλλοθ’
1229 2457 1374 2530 ὀλέσθαι

253 2566 332 2646 πρὶν
362 2563 492 2627 ἐλθεῖν·
527 2563 573 2645 τῷ
602 2556 633 2625 κ’
664 2558 704 2627 οδ
732 2588 764 2626 τι
795 2561 894 2627 τόσον
924 2563 1060 2629 κέλαδον
1088 2567 1286 2646 μετέθηκεν,
1318 2563 1373 2628 ubi

253 2662 383 2747 propria
416 2661 503 2726 notio
536 2680 618 2743 quae
652 2669 699 2725 est
733 2668 867 2744 „postea
899 2662 1021 2740 faeere,
1055 2659 1201 2725 σίίὶσειεΛα
1229 2659 1372 2725 nondum

252 2780 381 2845 prorsus
404 2766 452 2825 est
478 2759 661 2840 obscurata,
691 2777 796 2841 neque
826 2766 934 2825 tamen
956 2758 1005 2824 vis
1028 2776 1110 2840 quae
1140 2764 1253 2840 postea
1275 2757 1374 2822 verbo

253 2859 363 2924 subest
395 2856 538 2939 „aliquid
572 2876 752 2939 supponere
785 2858 818 2922 in
851 2858 921 2922 loeo
955 2857 1038 2921 alius
1070 2855 1137 2922 rei“
1174 2853 1284 2919 aliena
1318 2861 1374 2918 est.

254 2958 346 3022 Hono
374 2954 503 3037 quidem
533 2954 689 3019 habemus
718 2954 806 3037 apud
831 2953 1018 3037 Euripidem
1040 2953 1093 3018 Or.
1118 2955 1179 3014 254
1210 2948 1309 3029 ταχὺς
1339 2949 1376 3014 δὲ

255 3055 399 3134 μετέθου
429 3049 567 3134 λάσσσν;
598 3051 670 3134 Iph.
694 3052 731 3114 Α.
757 3053 817 3115 389
840 3049 936 3132 γνοὺς
965 3046 1116 3132 πρόσθεν
1140 3039 1197 3110 οὒκ
1224 3034 1257 3110 εδ
1280 3072 1376 3128 μετε-

256 3148 364 3234 θέμην
388 3140 578 3231 εὖβοσλίαν;
606 3146 761 3230 signifieat
783 3149 914 3212 verbum
937 3147 989 3213 hio
1011 3152 1145 3228 „postea
1167 3144 1228 3210 sibi
1251 3133 1377 3211 efficere

255 3247 352 3330 alqd„
376 3245 543 3328 aeoipere“
566 3246 616 3321 (of.
641 3246 731 3310 Deru.
756 3266 786 3328 p.
804 3249 876 3326 303,
892 3248 932 3320 9).
969 3243 1052 3306 Aliis
1071 3245 1147 3309 vero
1169 3240 1255 3306 loeis*
1271 3242 1377 3307 eidem

256 3347 355 3413 verbo
384 3347 468 3410 inest
490 3343 539 3408 vis
567 3341 666 3407 nostri
690 3342 781 3407 verbi
811 3339 1013 3423 umpestulreu
1035 3340 1086 3404 vel
1110 3337 1301 3410 ver-dudem,
1333 3339 1378 3404 ita

255 3445 354 3522 [Eun]
376 3443 472 3508 Rhes,
499 3445 555 3506 131
582 3437 661 3503 τάδε
684 3437 789 3516 δοκεῖ,
812 3435 891 3501 τάδε
913 3433 1139 3516 μεταθέμενος
1166 3444 1235 3499 νοεῖ
1257 3436 1376 3519 (‚‚diuh‚

258 3540 375 3607 deiuen
406 3539 485 3604 Siuu
514 3537 695 3612 dudernd“)
726 3542 757 3600 et
786 3533 924 3615 saepius.
975 3533 1218 3599 Substantivum
1246 3533 1288 3598 ab
1317 3533 1379 3598 hae

257 3639 356 3722 stirpe
379 3635 559 3703 derivatum
581 3631 820 3714 μετάθεσις
842 3630 964 3696 hubent
979 3633 1149 3714 scriptores
1170 3649 1286 3712 prosae
1309 3650 1380 3696 ora·

257 3735 362 3814 tionis,
387 3741 421 3800 ut
442 3731 649 3816 Thucydides
672 3729 709 3808 V,
734 3731 784 3792 29.

342 3837 582 3914 μεθίστημι
612 3828 631 3892 δ
653 3831 714 3894 612
743 3824 856 3908 τοιγὰρ
889 3822 950 3907 ἐγώ
979 3847 1031 3888 τοι
1058 3826 1160 3888 ταῦτα
1182 3823 1379 3910 μεταστήσω

256 3929 278 3994 i.
303 3948 347 3995 e:
378 3949 458 4012 „ego
481 3929 560 3996 haee
583 3927 640 3993 tibi
663 3931 775 4010 postea
797 3924 911 3988 iterum
933 3929 1029 4005 utque
1051 3923 1144 3988 aliter
1166 3921 1380 3988 constituam“
