2948 4518
1450 277 1451 313 i

271 341 331 400 154
790 345 888 399 Funck

268 518 399 582 notione
435 515 681 580 administrandi
715 517 767 580 vel
804 517 979 583 tractandi:
1016 517 1092 583 Hdt.
1126 518 1192 598 IlI,
1226 521 1287 581 142
1326 523 1392 580 τιῦν

268 618 491 695 μετεχείρισας
523 610 712 698 χρημάτων,
746 613 801 677 nbi
834 613 917 680 idem
952 615 1018 682 fere
1052 621 1100 682 est
1130 614 1214 697 quod
1248 621 1390 680 nostrum
1450 645 1451 666 ι

268 713 400 777 verbum
428 711 495 773 siclt
524 710 750 795 bemdchtz'pem
781 714 880 777 Thue.
909 712 942 793 I,
976 716 1014 778 13
1048 709 1090 776 ταὶ
1118 709 1196 794 περὶ
1223 710 1283 788 τὰς
1314 715 1390 790 ναῦς
1450 671 1451 754 i

268 817 371 895 (aot.);
400 813 482 877 Plat.
506 812 602 894 Hipp.
633 811 707 874 mai.
738 810 834 874 304ss
865 806 982 894 λήρους
1011 809 1067 873 καὶ
1097 804 1261 894 φλυαρίας
1290 834 1390 891 μετα·

267 907 487 991 χειριζόμενος
511 913 535 985 (,,
544 908 611 972 sich
634 907 784 974 beiassen
806 907 862 971 mit
871 912 906 981 “l.
943 907 1140 973 Derivantur
1161 906 1238 972 inde
1259 908 1390 974 nomina

267 1012 556 1087 μεταχείρισις
579 1012 611 1070 et
632 1001 977 1086 μεταχειρισμός,
1003 1023 1085 1087 quae
1108 1005 1195 1089 apud
1218 1006 1388 1088 scriptores

266 1112 447 1188 postremae
471 1104 597 1169 demum
620 1102 735 1167 aetatis
757 1097 914 1185 leguntur.

792 1359 861 1436 st.

265 1507 316 1562 DE
334 1507 380 1562 IIS
396 1505 598 1563 VOCABULIS
618 1505 694 1561 CUM
712 1507 813 1556 ΜΕΤΑ
831 1504 1054 1570 COMPOSITIS,
1072 1505 1112 1558 IN
1130 1505 1260 1572 QUIBUS
1278 1505 1388 1561 PRAE-

452 1590 593 1646 POSITIO
612 1589 782 1645 ACTIONIS
800 1589 980 1643 MUTATAE
998 1589 1100 1644 NOTA
1122 1590 1200 1644 EST.

351 1729 542 1818 Accedimus
564 1749 649 1795 nunc
671 1729 714 1795 ad
737 1749 776 1794 ea
791 1729 891 1794 verba
906 1749 976 1793 cum
998 1725 1082 1808 μετά
1097 1728 1284 1812 composita,
1309 1752 1387 1814 quae

267 1838 298 1896 et
327 1826 585 1912 frequentissima
619 1835 650 1892 et
682 1826 868 1892 difficillima
901 1835 975 1892 sunt
1008 1827 1184 1910 explicatu,
1218 1848 1294 1892 nam
1325 1831 1386 1895 vim

266 1927 426 2005 mutandi,
468 1944 561 2007 quam
596 1926 630 1988 in
664 1932 752 1989 tento
786 1925 953 1990 verborum
987 1944 1120 1990 numero
1156 1926 1386 2009 praepositioni

265 2026 371 2090 inesse
393 2023 554 2099 videmus,
589 2020 748 2102 quomodo
777 2041 817 2086 ex
844 2021 900 2102 iis,
931 2018 1013 2102 qu'ae
1042 2022 1147 2087 adhuc
1169 2014 1386 2105 cognovimus,

266 2119 550 2205 significationibus
593 2116 730 2182 derivari
774 2124 887 2200 queat,
936 2118 1038 2200 primo
1076 2120 1238 2184 oculorum
1278 2123 1386 2186 obtutu

265 2239 394 2303 prorsus
428 2218 594 2282 obscurum
629 2222 686 2281 est.
737 2213 889 2281 Attamen
921 2237 987 2280 non
1020 2217 1117 2299 plene
1151 2215 1386 2300 desperandum

266 2325 315 2384 est
347 2317 388 2382 de
421 2315 635 2398 explicatione
667 2333 727 2378 nec
758 2313 847 2378 deest
875 2314 1053 2395 vinculum,
1087 2334 1149 2396 quo
1180 2315 1277 2379 etiam
1309 2318 1387 2382 haec

265 2414 454 2498 significatio
483 2432 553 2477 cum
582 2411 654 2475 aliis
683 2410 748 2477 illis
777 2410 926 2493 coniungi
958 2410 1068 2493 possit.
1118 2410 1386 2479 Proficiscendum

265 2519 313 2576 est
336 2513 419 2576 enim
443 2510 484 2573 ab
508 2529 547 2572 ea
568 2506 712 2571 adverbii
734 2505 817 2585 μετά
834 2506 1077 2590 significatione,
1101 2528 1196 2590 quam
1212 2508 1277 2574 iam
1301 2511 1387 2594 apud

264 2608 438 2673 Homerum
466 2606 507 2668 in.
529 2597 692 2684 μέτειμι,’
708 2600 920 2684 μεθέπσμαι,
954 2607 1204 2685 μεταστοιχείῗ)
1237 2607 1385 2690 localem,

263 2705 297 2770 in
339 2703 502 2769 adverbiis
551 2697 747 2779 μετέπειτα,
793 2697 1001 2781 μετόπισθεν
1054 2701 1104 2776 (ci.
1150 2702 1245 2782 inira)
1290 2711 1387 2788 atque

265 2802 360 2866 etiam
388 2803 421 2865 in
451 2797 612 2865 nonnullis
646 2799 892 2882 praepositionis
920 2819 991 2864 cum
1025 2799 1156 2866 nomine
1189 2802 1385 2885 coniunctae,

265 2919 347 2982 quae
368 2917 465 2982 supra
487 2899 596 2979 p.13(l
620 2897 835 2980 ascripsimus,
860 2897 1016 2980 exemplis
1037 2898 1247 2980 temporalem
1262 2902 1328 2983 vel,
1353 2907 1386 2966 ut

264 2997 442 3062 accuratius
471 2994 592 3074 dicam,
624 2992 667 3057 ad
697 2994 930 3060 successionem
964 2995 1175 3076 pertinentem
1204 2998 1386 3064 invenimus

265 3092 315 3170 (ci.
338 3092 524 3157 Latinorum
546 3095 638 3174 post).
683 3092 768 3173 Iam,
799 3093 960 3156 utstatim
986 3094 1151 3176 exemplo,
1178 3093 1256 3175 quid
1278 3097 1385 3178 velim,

264 3191 437 3273 explicem,
466 3185 696 3269 μεταβουλεύω
720 3193 747 3262 (ε
770 3191 831 3254 286
861 3184 1035 3265 ὢπότιοι,
1066 3177 1086 3274 ἦ
1109 3188 1200 3270 μάλα
1229 3190 1268 3278 δι’]
1292 3217 1387 3273 μετε-

263 3287 444 3370 βούλευσαν
469 3283 547 3349 deci
577 3281 686 3360 ἄλλως
715 3277 802 3370 ἄμφ’
830 3284 965 3368 Ὀδυσῆϊ
992 3285 1072 3359 κτλ.)
1103 3288 1260 3371 significat
1290 3290 1386 3373 priori

263 3385 396 3451 consilio
425 3391 538 3467 postea
565 3382 654 3447 aliud
684 3383 870 3463 succedere,
899 3402 961 3464 quo
989 3403 1024 3450 re
1047 3404 1125 3450 vera
1152 3387 1239 3469 prius
1270 3389 1386 3454 mutari
1450 3463 1451 3474 ρ

263 3481 351 3566 apud
366 3481 538 3546 Homerum
561 3479 719 3545 indicatur
742 3481 836 3545 etiam
859 3478 970 3544 addito
989 3480 1142 3548 adverbio
1159 3479 1276 3567 ἄλλως,
1302 3487 1385 3569 qnod
1450 3509 1451 3544 l

263 3579 438 3664 posteriore
452 3583 595 3661 tempore
611 3579 804 3661 cogitatione
819 3577 1038 3643 tantummodo
1053 3580 1260 3664 intellegitur.
1298 3587 1386 3650 Eun·

265 3677 337 3742 dem
366 3675 463 3757 igitur
489 3674 645 3742 habemus
668 3694 758 3740 usum
787 3674 955 3757 loquendi,
985 3696 1046 3760 quo
1068 3678 1185 3746 Latino
1210 3701 1308 3746 ειιναε
1326 3704 1386 3766 μα·
1450 3707 1451 3780 l

1450 3793 1451 3816 i

333 3923 368 3990 ²³)
385 3921 426 3976 Cf.
445 3937 528 3992 supra
546 3939 573 3992 p.
597 3927 650 3978 149.
