2948 4518
247 354 305 416 116
762 355 860 408 Funclr

245 529 399 615 (exceptis
421 529 498 594 solis
522 523 599 612 περὶ
622 535 653 593 et
675 523 741 608 πρό
765 534 797 592 et
819 527 1005 612 plerumque
1029 527 1124 592 etiam
1148 519 1264 611 ἀμφί),
1292 536 1369 595 ante

244 647 401 693 consonas
423 646 585 709 nunquam
609 623 695 708 apud
711 625 832 690 Atticos
856 630 887 690 et
908 625 1009 690 rarius
1032 625 1065 688 in
1088 626 1201 692 ceteris
1221 626 1369 694 dialectis

244 724 374 792 eliditur
402 731 434 789 et
463 722 580 790 deinde
602 742 743 788 consona
771 722 805 786 in
836 721 897 786 fine
921 722 1025 805 posita
1047 724 1192 805 sequenti
1214 745 1294 791 sono
1318 745 1370 791 ac·

245 821 471 889 commodatur.
519 821 632 887 Differt
659 820 775 885 bacin
797 840 831 886 re
854 819 978 886 Graeca
1001 821 1112 902 lingua
1134 841 1154 886 a
1178 823 1310 904 Latina,
1334 823 1368 887 in

245 941 308 1004 qua
330 919 458 1004 quidem
481 917 593 985 addita
615 918 852 1001 praepositione
874 917 995 983 vocalis
1017 917 1125 1001 stirpis
1147 921 1262 984 mutari
1286 922 1371 987 solet

245 1017 296 1097 (cf.
314 1017 404 1080 laedo
419 1016 517 1090 illido,
541 1016 617 1078 cado
634 1015 771 1088 concido,
795 1035 862 1078 emo
879 1014 979 1077 odr‘mo
995 1033 1065 1080 cum
1082 1015 1214 1083 Graecis
1231 1015 1369 1099 ἔρχομαι

245 1118 481 1197 προσέρχομαι,
506 1109 588 1196 λέγω
613 1110 766 1196 συλλέγω,
792 1110 913 1194 tepea
935 1110 1138 1194 cattepani.
1164 1157 1165 1160 =

330 1211 396 1278 Sed
424 1213 504 1278 haee
532 1213 655 1278 leviora
677 1217 766 1292 sunt,
797 1212 895 1276 multo
925 1211 1053 1294 gravior
1075 1219 1123 1277 est
1146 1233 1184 1278 ea
1212 1215 1369 1296 quaestio,

245 1311 334 1376 cuius
358 1317 481 1393 partem
497 1309 625 1392 quidem
647 1309 708 1376 boc
730 1310 800 1393 ipso
815 1307 924 1373 libello
944 1309 1122 1375 accuratius
1145 1330 1239 1393 quarn
1262 1312 1372 1378 adhue

247 1407 440 1488 estfactum,
463 1412 600 1472 tractare
616 1406 694 1472 mibi
716 1405 915 1489 propositum
931 1411 993 1470 est:
1017 1426 1128 1488 quem
1151 1409 1192 1473 in
1213 1410 1369 1474 modum

247 1504 363 1570 notio
381 1504 494 1569 verbi
517 1503 659 1569 addita
682 1503 995 1588 praepositione
1017 1511 1211 1586 mutetur,
1236 1514 1267 1574 et
1283 1508 1371 1590 quod

247 1602 406 1669 artissime
436 1623 506 1668 cum
536 1603 597 1668 bac
627 1600 814 1684 quaestione
837 1599 1001 1680 cohaeret,
1032 1603 1166 1682 qualis
1194 1606 1247 1670 sit
1275 1626 1371 1673 usus

247 1706 370 1782 atque
401 1708 604 1765 structura
632 1700 846 1764 verborum
870 1699 1183 1782 compositorum
1213 1721 1371 1787 compa-

246 1804 334 1873 rata
363 1816 444 1863 cum
479 1798 741 1882 simplicibus
769 1796 993 1862 vocabulis.
1047 1795 1124 1862 Cum
1153 1807 1259 1864 autem
1290 1802 1372 1866 baec

247 1896 390 1978 quaestio
425 1916 490 1960 non
518 1916 617 1979 parvo
645 1895 748 1961 libelli
777 1895 897 1976 spatio,
931 1894 988 1960 sed
1018 1896 1216 1978 amplissimo
1246 1904 1371 1963 tantum

247 1994 329 2059 libro
352 1993 477 2058 absolvi
500 1995 616 2076 possit,
646 1992 699 2074 qui
723 1991 803 2056 liber
826 2011 888 2055 non
913 2010 1085 2074 pancorum
1108 1995 1281 2072 mensium,
1312 1995 1372 2062 sed

246 2091 457 2174 complurium
479 2111 635 2155 annorum
653 2089 760 2156 studia
774 2090 930 2156 acerrima
952 2088 1137 2172 requireret,
1160 2112 1262 2158 nuno
1285 2095 1373 2177 qui-

248 2187 334 2255 dem
369 2187 417 2254 de
450 2209 529 2278 una
561 2195 714 2254 tantum
749 2189 1059 2273 praepositione
1098 2188 1200 2269 μετὰ
1240 2209 1372 2273 agam,

248 2306 430 2371 quaeque
463 2285 511 2351 ad
545 2306 628 2352 eam
662 2287 888 2371 pertinent,
919 2288 1051 2353 omnia
1084 2294 1274 2353 accurate
1306 2307 1373 2354 ex-

247 2386 416 2470 planare
440 2384 621 2451 studebo.
669 2386 790 2450 Ansam
813 2393 919 2451 autem
941 2386 1034 2452 buius
1057 2385 1254 2469 potissimum
1276 2406 1371 2468 prae·

248 2482 415 2566 positionis
444 2481 630 2546 tractandae
659 2481 806 2563 praebuit
833 2484 1071 2548 accuratissima
1092 2483 1150 2547 illa
1178 2488 1209 2547 et
1232 2484 1371 2566 sagacis·

187 2627 191 2634 -
248 2580 329 2646 sima
357 2578 520 2662 Tychonis
543 2579 733 2643 Mommseni
762 2577 905 2660 quaestio
935 2579 1217 2662 i,llntwiclrelung
1246 2581 1372 2662 einiger

249 2676 383 2742 Gesetze
406 2675 454 2764 lbr
477 2676 539 2742 den
555 2675 724 2744 Gebraueh
749 2674 806 2740 der
827 2675 943 2756 griech.
962 2676 1225 2759 Praepositionen
1239 2676 1323 2756 μετά
1339 2703 1369 2744 u.

250 2772 307 2841 σύν
331 2775 382 2840 bei
405 2772 434 2839 d.
459 2775 635 2859 Epikern.“
681 2771 853 2838 Frankiurt
879 2774 987 2855 1874),
1013 2794 1075 2857 qua
1098 2777 1146 2840 vir
1169 2773 1372 2843 doctissimus

248 2872 426 2939 incredibili
451 2872 515 2936 iere
538 2870 696 2936 industria
718 2871 865 2938 omnibns
887 2872 1051 2938 literarum
1074 2873 1304 2952 monumentis,
1337 2883 1373 2938 ut

249 2969 522 3055 praepositionum
545 2989 635 3034 usum
652 2974 866 3051 cognosceret,
890 2969 1071 3052 perquisitis
1095 2969 1257 3052 specimen
1282 2969 1374 3037 dedit

249 3070 356 3150 legum
378 3074 474 3133 antea
496 3067 551 3130 vin
572 3065 788 3149 cognitarum,
811 3065 926 3149 quibus
949 3086 1076 3150 prorsus
1099 3085 1183 3130 nova
1205 3065 1247 3130 ad
1270 3073 1371 3134 totum

249 3165 520 3250 praepositionum
542 3183 633 3230 usum
659 3169 745 3229 reete
766 3163 1026 3246 perspiciendum
1056 3169 1153 3244 atque
1182 3163 1373 3248 intellegen-

251 3264 326 3328 dum
356 3263 408 3327 ria
436 3268 483 3328 est
512 3268 634 3344 aperta.
687 3260 850 3326 Tractarit
879 3266 984 3326 autem
1015 3261 1230 3328 Mommsenus
1258 3263 1292 3327 in
1321 3283 1370 3344 ea,

250 3381 332 3444 quae
362 3360 466 3426 adbuc
488 3361 558 3426 sola
580 3351 667 3426 edita
690 3364 753 3440 est,
784 3357 978 3440 quaestionis
1006 3364 1096 3442 parte
1118 3359 1257 3425 maxime
1280 3379 1372 3443 prae·

249 3458 442 3543 positionum
464 3454 548 3538 μετά
571 3464 601 3524 et
624 3453 681 3520 σύν
704 3454 791 3540 apud
817 3460 929 3537 poetas
952 3456 1059 3538 epicos
1082 3475 1183 3536 usum,
1207 3458 1316 3540 quain
1337 3477 1372 3523 re

249 3557 284 3622 id
306 3555 504 3640 potissimum
528 3554 745 3623 demonstrare
768 3551 882 3634 studet,
910 3572 992 3635 quae
1014 3553 1054 3618 sit
1076 3553 1124 3619 vis
1147 3553 1372 3620 adverbiorum

249 3655 376 3720 illorum
392 3653 489 3718 variis
511 3672 582 3718 curn
604 3652 731 3718 casibus
753 3650 1008 3733 coniunctorum3
1035 3649 1138 3718 minus
1161 3657 1251 3716 curat
1273 3651 1372 3718 verba

251 3771 306 3819 seu
328 3752 545 3816 nominatum
567 3749 606 3816 iis
621 3750 804 3835 composita,
830 3755 861 3815 et
883 3747 1053 3831 siquando
1077 3756 1371 3832 commemorat,

251 3850 311 3914 hoc
333 3855 454 3914 tantum
477 3848 611 3915 oonsilio
633 3847 674 3914 de
696 3848 734 3913 iis
757 3846 894 3925 disserit,
918 3856 951 3914 ut
977 3852 1166 3913 structuram
1188 3865 1297 3912 eorum
1320 3865 1374 3912 en·

251 3953 350 4030 ponat
381 3946 503 4029 itaque,
538 3945 624 4029 quod
652 3946 781 4027 omnino
811 3945 879 4013 eius
916 3945 1112 4031 propositum
1145 3950 1208 4026 est,
1242 3944 1373 4027 syntaxi
