2948 4518
486 363 519 418 de
535 363 738 433 praepositione
755 358 833 433 μετοί.
1168 359 1227 421 137

98 532 191 602 εστί
226 540 300 616 μοί
336 557 467 612 τινος,
504 536 537 600 1ο
566 556 629 618 quo
661 537 830 618 genetivus
863 555 942 602 sane
971 554 1101 619 prorsus
1128 535 1226 600 aliam

97 633 164 699 vim
187 633 290 699 babet
310 641 406 716 atque
428 634 456 700 si
478 633 594 698 dieitur·
615 631 742 714 πατρὸς
772 630 803 696 d'
835 625 902 714 εἴμ’
928 629 1074 715 ἀγαθοῖο
1097 638 1130 695 Φ
1157 636 1226 714 109,

98 733 152 798 vel
180 733 242 816 τῆς
271 723 373 815 αὐτῆς
401 727 530 812 γνώμης
553 724 638 795 εἶναι
660 731 773 807 (Tbue.
796 733 828 811 Ι,
855 733 925 802 1131
954 732 1006 796 vel
1036 731 1096 816 τῆς
1124 724 1156 794 d'
1188 717 1227 816 ἧν

97 836 189 912 τρεῖς
211 825 359 912 κεφαλαί
380 829 468 902 (Hes.
491 828 613 911 Theeg.
637 832 711 905 321)
738 829 789 894 vel
813 848 1033 914 quemcunque
1054 829 1153 893 alium
1175 847 1228 910 ge·

97 927 247 993 netivum
271 945 343 990 eum
365 925 463 990 verbo
494 918 579 990 εἶναι
607 928 748 992 iunetum
777 927 934 1010 ponimus.
980 927 1093 1008 Itaque
1119 931 1227 1004 restat,

97 1030 134 1089 ut
155 1023 343 1106 genetivum
366 1023 439 1106 ipsa
461 1029 576 1088 natura
588 1025 681 1090 verbi
700 1023 867 1107 compositi
882 1022 1051 1106 efflagitari
1074 1022 1227 1102 dieamus,

97 1129 131 1188 et
152 1120 217 1186 bue
238 1121 333 1185 unice
354 1139 465 1185 verum
488 1139 559 1187 esse
580 1119 746 1187 confirmat
767 1122 817 1188 vis
838 1123 1082 1203 vocabulorum,
1110 1120 1229 1202 quippe

98 1217 218 1302 quibus
240 1217 382 1299 aliquem
409 1218 543 1284 alieuius
565 1219 612 1284 rei
634 1219 821 1302 participem
845 1239 916 1285 esse
938 1219 1104 1293 indicetur,
1126 1217 1173 1281 ita
1194 1221 1229 1280 ut

97 1315 288 1398 genetivum
311 1315 492 1397 appositum
515 1334 587 1382 esse
608 1317 793 1399 partitivum
808 1322 1058 1382 consentaneum
1077 1314 1128 1381 sit.
1165 1313 1229 1378 Ha·

99 1413 215 1478 bemus
228 1412 328 1494 igitur
349 1411 401 1477 bie
419 1411 557 1477 eundem
571 1414 763 1496 genetivum,
788 1434 880 1497 quem
897 1414 1036 1482 everbis
1058 1410 1226 1493 γεύεσθαι,

100 1509 249 1585 ἐσθίειν,
274 1505 476 1586 ἄπολαύειν,
499 1515 685 1590 κοινωνεῖν,
708 1509 1020 1594 συλλαμβάνεσθαι,
1043 1504 1231 1586 ἅπτεσθαι,

102 1604 236 1683 ψαύειν,
261 1602 436 1687 ἄρχεσθαι,
459 1607 617 1675 similibus
639 1615 671 1676 et
692 1629 733 1675 ex
748 1609 917 1676 adiectivis
940 1604 1086 1688 ἄμοιρος,
1111 1605 1227 1684 α’ίτιος,

100 1699 265 1780 ἀναίτιος,
289 1699 446 1786 ἄγευστος
468 1706 662 1787 pendentem
684 1707 846 1773 videmus:
874 1706 915 1770 ei.
938 1705 1064 1770 Curtius
1086 1704 1227 1771 Gramm.

100 1805 142 1884 ξς
164 1807 248 1879 411,
271 1807 306 1884 1,
329 1806 401 1868 119.
446 1803 559 1885 Neque
586 1809 695 1868 tamen
725 1802 909 1885 negandum
937 1809 987 1868 est
1013 1803 1100 1868 haud
1126 1821 1230 1885 panea

100 1900 273 1966 verberum
297 1918 368 1964 eum
397 1900 556 1983 partiente
583 1897 667 1979 μετά
689 1899 934 1982 compositorum
963 1899 1027 1964 iam
1055 1905 1228 1980 antequam

102 2005 212 2064 essent
234 1997 421 2079 composita,
444 2015 515 2062 eum
537 1997 649 2064 similis
671 1997 809 2063 notionis
831 1997 980 2080 genetivo
1002 1997 1153 2079 coniungi
1175 2017 1231 2080 pe·

100 2095 211 2160 tuisse.

189 2191 255 2258 Sed
285 2192 349 2256 iam
377 2191 420 2256 ad
442 2191 514 2276 ipsa
535 2191 636 2256 verba
657 2190 863 2272 aeeedamus,
892 2197 927 2256 ut
952 2210 1058 2256 eorum
1081 2200 1228 2257 naturam

103 2299 192 2357 reete
220 2289 357 2356 anobis
386 2287 579 2370 descriptam
609 2304 681 2352 esse
710 2287 806 2351 etiarn
834 2287 968 2369 singulis
996 2287 1230 2371 perlustrandis

104 2385 265 2470 probetur.
302 2385 397 2469 Apud
414 2384 705 2470 Humerumunum
721 2383 852 2448 verbum
876 2384 922 2448 ita
943 2391 1161 2468 comparatum
1183 2385 1230 2448 in-

102 2485 230 2551 venitur
244 2477 556 2564 peredslavam
581 2482 686 2546 ὶ112117
705 2479 760 2545 ’ίνα
777 2479 816 2568 δὴ
833 2479 891 2546 καί
906 2478 968 2566 ἐγὼ
983 2479 1230 2562 μεταδαίσομαι

104 2579 201 2662 ἱρῶνς
224 2581 410 2664 genetivum
433 2578 571 2662 simpliei
586 2581 686 2646 verbe
710 2579 875 2658 δαίναμαι,
900 2579 986 2662 qued
1007 2586 1063 2644 aut
1083 2579 1230 2645 absolute

102 2677 242 2763 ponitur,
265 2683 321 2741 aut
335 2697 406 2742 eum
429 2678 613 2742 accusativo
635 2678 846 2761 coniungitur,
869 2697 1025 2758 nusquam
1048 2677 1229 2760 appositum

103 2776 257 2858 legimns;
286 2781 394 2839 tamen
420 2775 549 2857 saepius
572 2793 591 2839 e
612 2775 719 2840 verbis
740 2774 897 2839 similibus
919 2793 1001 2854 quae
1023 2781 1097 2838 sunt
1118 2770 1230 2836 πάσα-

103 2878 191 2937 σθαι
213 2871 259 2946 (Ω
283 2875 339 2937 611
368 2875 484 2953 σίτου),
508 2869 646 2950 α’ίναμαι
675 2879 700 2938 b
724 2875 786 2934 225
808 2871 941 2951 τυρῶν),
972 2872 1091 2955 φαγεῖν
1113 2881 1144 2944 (e
1167 2873 1228 2935 373

103 2975 188 3050 τῶν,
213 2990 226 3031 ι
253 2971 312 3031 1112
336 2967 470 3042 λωτοῖο)
496 2967 638 3051 pendere
659 2969 842 3052 genetivum
867 2969 934 3033 iure
956 2967 1079 3032 monuit
1099 2967 1231 3032 Momm·

106 3085 212 3132 senna.
257 3064 354 3130 Plura
375 3064 463 3149 apud
489 3073 603 3148 poetas
631 3067 749 3151 lyrieos
771 3073 955 3148 ueteresque
978 3065 1131 3150 deinceps
1152 3066 1231 3134 inie-

104 3163 198 3228 rioris
228 3163 382 3244 temperis
409 3161 581 3244 seriptures
610 3171 737 3230 exstant
764 3163 851 3230 illius
880 3162 966 3229 modi
994 3163 1094 3230 verba
1126 3171 1159 3230 et
1191 3183 1231 3229 ea

106 3256 289 3342 signifieant
324 3259 501 3341 aliquem
534 3259 714 3326 alieuius
750 3261 808 3328 rei
840 3267 906 3324 aut
937 3259 1069 3344 ipsum
1104 3261 1231 3345 parti·

106 3358 235 3440 eipem
258 3373 350 3422 esse
371 3357 437 3421 vel
465 3356 562 3424 lieri
585 3364 652 3422 aut
672 3358 794 3423 alium
818 3356 1062 3441 partieipem
1085 3358 1230 3423 faeere.

107 3453 226 3519 Prioris
248 3453 376 3534 generis
399 3459 448 3520 est
468 3459 641 3536 μετέχοι
663 3453 889 3538 Pind.Py.ll‚
909 3459 961 3517 151
991 3447 1030 3516 aii
1051 3451 1084 3518 οί
1106 3458 1230 3536 μετέχω
1356 3467 1358 3476 “

107 3549 274 3634 θράσεος,
297 3552 366 3616 Δία.
386 3556 463 3634 1013
486 3552 631 3636 Theogn.
648 3554 711 3618 356
732 3550 815 3634 μηδὲ
835 3541 917 3630 μεθ’
944 3543 1055 3638 ἡμέων
1075 3555 1152 3634 βίον
1174 3555 1233 3629 μέ-

107 3671 188 3730 ττχε.
233 3647 308 3713 Eur.
332 3647 429 3730 Hipp.
454 3652 516 3715 730
547 3650 607 3735 τῆς
629 3649 730 3714 νόσου
754 3645 790 3712 δὲ
812 3645 914 3733 τῆσδέ
935 3669 994 3728 μοι
1015 3647 1108 3732 κοινῇ
1130 3667 1231 3727 μετα-

110 3741 195 3826 exeis
228 3751 416 3829 σωφρονεῖν
455 3743 664 3832 μαθήσεται,
701 3744 753 3812 Οι.
791 3747 870 3812 1337
909 3741 1067 3826 μετάσχες
1107 3740 1231 3820 ίκεοίας

110 3842 233 3926 φίλοις,
255 3859 293 3908 ae
316 3848 484 3926 praeterea
504 3843 537 3906 in
559 3841 677 3909 fabulis
692 3841 874 3926 Euripideis
889 3849 1002 3924 qnater
1023 3840 1139 3928 legitur
1160 3859 1231 3906 eum

110 3937 260 4022 genetivo
289 3949 321 4005 et
349 3939 459 4006 dativo
487 3937 659 4022 singularis
680 3940 731 4006 vel
761 3938 895 4024 pluralis
923 3938 1047 4004 numeri
1076 3937 1230 4005 sociatum
