2948 4518
494 325 527 379 de
544 324 745 395 praepositione
762 324 840 394 μετά.
1174 321 1230 380 151

111 496 265 580 exempta
294 496 425 562 exhibet
454 495 549 562 haee:
591 502 617 560 l.
646 515 718 562 eum
746 495 928 561 aecusativo
958 496 1004 561 rei
1033 496 1235 562 ooniunetum

111 593 231 676 legitur
260 597 523 673 μετέρχομαι
550 593 622 676 iph.
652 596 689 658 Τ.
722 598 760 657 14
798 592 908 658 θέλων
938 641 945 656 .
971 640 1010 656 ..
1039 591 1116 669 τοὺς
1144 586 1237 676 ὑβρι-

114 695 259 766 σθέντας
281 687 406 772 γάμους
425 683 551 771 Ἑλένης
571 688 764 771 μιτελθεῖν;
794 690 832 754 ir.
856 693 896 755 83
922 687 964 753 τὰ
985 689 1051 752 τῶν
1075 688 1234 754 τεκόντων

113 781 159 864 ὥς
192 791 383 869 μετέρχεται
422 784 503 862 θεὸς
535 783 716 868 μιάσματα.
762 790 793 850 2.
826 791 1000 868 μέτειμι
1036 785 1137 852 Andr.
1173 791 1235 854 260

114 881 231 970 σφάξ’,
255 882 396 966 αἶμάτον
418 885 503 960 θεᾶς
524 883 638 967 βωμὸν
663 879 681 969 ἢ
705 880 834 964 μότεισέ
849 904 886 948 σε
908 883 1105 960 („bestraien
1122 884 1236 962 wird“)

112 983 318 1049 coniunctum
342 989 390 1048 est
411 1001 482 1047 enm
505 983 574 1048 solo
596 982 778 1048 accusativo
806 999 973 1065 personae.
1018 983 1047 1044 3.
1076 981 1238 1046 sociantur

113 1080 197 1146 inter
224 1099 260 1145 se
281 1078 483 1145 accusativus
512 1080 558 1146 rei
588 1086 621 1146 et
649 1096 807 1163 personae
837 1077 985 1160 punitae:
1023 1075 1076 1142 Or.
1100 1082 1161 1144 423
1192 1074 1237 1154 ὠς

113 1175 192 1258 ταχὺ
217 1172 437 1260 μετῆλθόν
468 1172 504 1240 o'
529 1170 613 1256 αἷμα
634 1179 774 1259 μητέρος
795 1178 893 1256 θεαλ;
923 1171 1011 1257 Gyel.
1035 1177 1096 1239 280
1118 1174 1237 1258 μετήλ-

115 1270 203 1340 θεθ’
228 1269 382 1355 ἁρπαγὰς
404 1266 578 1340 ...Ἰλίου
601 1269 711 1349 πόλιν,
736 1271 789 1337 ubi
813 1271 1014 1336 aecusativus
1037 1271 1083 1336 rei
1104 1273 1236 1338 liberius

113 1370 281 1455 appositus
303 1371 429 1436 videtur
450 1371 494 1436 ad
516 1390 641 1456 poenae
663 1390 792 1435 oausam
815 1367 994 1433 accuratius
1012 1366 1236 1436 definiendam.

114 1475 144 1534 4.
168 1467 405 1551 eoniunguntur
418 1468 618 1534 aeousativus
639 1486 797 1550 personae
820 1472 852 1530 et
866 1465 921 1546 qui
942 1464 1056 1530 dieitur
1078 1467 1238 1534 interioris

114 1565 248 1631 obiecti:
270 1566 465 1630 Ramnete
487 1567 548 1652 τῆς
571 1565 632 1651 σῆς
656 1557 687 1628 δ’
713 1559 828 1638 ἀνοίας
850 1560 946 1645 τήνδε
964 1560 1023 1626 τόν
1039 1561 1237 1628 διδάσκαλον
1287 1557 1290 1562 ’

115 1662 208 1747 δίκην
236 1666 428 1745 μέτειμι;
460 1666 521 1726 517
552 1656 635 1742 άτάρ
662 1683 717 1727 τοι
745 1653 847 1724 τῶνδ’
880 1651 997 1723 ἄποιν’
1027 1656 1237 1743 ὑβρισμάτων

113 1765 287 1840 μέτεισι
308 1755 524 1836 Διόνυσός
555 1781 602 1823 σε.
648 1764 676 1822 5.
707 1757 794 1823 solus
823 1757 1024 1822 aecusativus
1053 1758 1238 1841 posterioris

114 1857 243 1940 generis
264 1857 426 1922 invenitur
441 1856 557 1922 Aeseh.
573 1855 650 1922 Oho.
667 1858 729 1921 988
754 1848 799 1930 ὡς
820 1846 913 1918 τόνδ’
939 1851 1001 1936 ἐγώ
1023 1855 1237 1940 μετῆλθον

115 1954 250 2031 ἐνδίκως
282 1951 385 2035 μόρον
418 1952 474 2017 τὸν
504 1952 643 2039 μητρός,
678 1952 733 2018 ubi
765 1958 874 2016 tamen
908 1949 1079 2037 μετῆλθον
1111 1953 1238 2036 passivo

114 2071 212 2118 sensu
234 2070 402 2134 poenam
425 2051 627 2117 subeundi
649 2049 871 2132 accipiendum
895 2055 953 2116 est.

201 2149 343 2214 Pertinet
374 2148 436 2212 hue
465 2149 561 2212 etiem
590 2147 722 2213 verbum
756 2146 1065 2226 μεταδραμεῖν,
1098 2168 1120 2212 a
1151 2148 1240 2214 euius

114 2246 216 2328 stirpe
243 2245 431 2312 derivantur
456 2244 691 2309 substantivum
720 2241 977 2329 μεταδρομή,
1008 2244 1092 2325 quod
1121 2245 1238 2326 iegitur

115 2345 191 2408 Eur.
214 2341 284 2426 Iph.
307 2345 346 2407 Τ.
369 2345 427 2406 941
460 2339 685 2423 μεταδρομαῖς
706 2334 857 2420 Ἐρινύων
884 2331 1100 2422 ἠλαυνόμεθα
1128 2339 1237 2414 (etiam

112 2440 202 2524 apud
230 2439 510 2524 Xenophontem),
543 2437 737 2504 adieetivum
766 2434 973 2520 μειάδρομος
1002 2444 1034 2503 et
1062 2439 1167 2520 ipsum
1197 2436 1237 2503 de

114 2537 203 2602 Diris
237 2535 355 2601 dietum
385 2536 486 2620 Soph.
517 2536 566 2601 ui.
601 2537 679 2600 1387
718 2533 1001 2618 πανουργημάτων
1035 2533 1239 2615 μετάδρομοι

114 2633 217 2712 κύνες,
241 2633 429 2700 adverbium
451 2629 784 2714 μεταδρομάδην
807 2633 846 2696 ii.
868 2634 897 2696 E
919 2636 958 2697 80
981 2629 1135 2714 πρόσθεν
1158 2630 1237 2696 ἕθεν

117 2729 281 2815 φεύγοντα
312 2728 564 2814 μεταδρομάδην
599 2721 695 2793 όλασ’
728 2717 827 2809 ὦμον.
879 2728 957 2794 Voei
990 2725 1237 2814 μεταδρομή

114 2829 220 2896 simile
235 2827 341 2908 estid,
364 2827 450 2908 quod
465 2827 567 2893 solum
589 2826 664 2890 huie
678 2824 775 2890 olassi
791 2825 1027 2891 attribuendum
1050 2833 1100 2891 est
1121 2845 1238 2892 nomeu

115 2945 186 2991 eum
215 2922 299 3004 μετά
328 2925 554 3008 eompositum,
583 2913 774 2988 voeabuiem
803 2922 995 3002 μέθοδος
1024 2922 1112 3006 apud
1137 2923 1240 3006 philo·
1357 2917 1361 2924 ’

115 3022 236 3106 sophos
255 3021 506 3100 usitatissimum,
529 3021 616 3087 unde
631 3017 818 3084 derivantur
838 3017 1029 3101 μεθοδικάς,
1052 3016 1238 3100 μεθοδεόω,

116 3120 200 3202 alia;
234 3120 362 3202 proprio
396 3138 492 3184 sensu
526 3123 711 3200 usurpatum
743 3115 869 3184 videtur
906 3117 977 3182 loeo
1010 3119 1044 3182 in
1078 3117 1189 3184 iexiois
1222 3136 1241 3184 ε

116 3215 220 3282 Suida
241 3215 358 3280 allato:
379 3214 528 3295 μέθοδον
551 3217 733 3280 ποιεῖσθαι
753 3214 814 3297 τῆς
836 3210 982 3298 νόμηνηςι
1006 3214 1124 3280 deinde
1141 3215 1238 3296 vulgo

117 3311 277 3396 signifieat
298 3313 668 3396 perscrutationem
690 3309 752 3389 rei,
777 3329 871 3392 quam
896 3311 966 3392 quis
988 3330 1158 3393 aggressus
1180 3317 1239 3392 est,

118 3419 166 3492 et,
202 3428 286 3492 quae
313 3408 390 3474 iude
418 3409 510 3474 fluxit
537 3409 601 3487 vis,
637 3407 837 3472 rationem
873 3407 948 3473 talis
979 3407 1240 3490 perscrutationis

117 3505 301 3580 (tiletkodet
352 3505 497 3590 Apparet
532 3513 638 3574 autem
676 3504 805 3570 omuino
838 3521 949 3569 vocem
985 3499 1059 3569 όδό
1067 3529 1085 3582 ς
1116 3505 1177 3572 hae
1208 3505 1241 3569 vi

120 3625 191 3668 eum
207 3602 445 3686 praepositione
459 3603 543 3684 μετά
558 3602 705 3686 componi
721 3621 785 3666 non
801 3600 952 3684 potuisse,
976 3604 1002 3668 si
1019 3602 1120 3667 solum
1136 3603 1172 3666 vi
1182 3621 1240 3666 am

120 3699 386 3784 siguiiioaret
422 3719 481 3765 nec
514 3701 608 3768 simul
641 3706 726 3766 esset
758 3717 875 3766 nomen
908 3699 1043 3766 aetionis
1076 3699 1241 3766 itineris

120 3798 252 3863 notione
273 3797 468 3862 instructum.

208 3894 304 3960 Notio
338 3894 449 3960 eadem
486 3901 535 3960 est
566 3895 654 3961 verbi
683 3889 925 3976 μεταλλάως
959 3912 1032 3958 nam
1066 3893 1145 3960 setis
1174 3893 1239 3958 veri
