2948 4518
470 360 504 415 de
520 359 721 430 praepositione
737 356 819 431 μετά.
1158 364 1216 423 155

88 533 240 596 sterteres
255 531 306 608 (ci.
322 531 550 611 para-ptime)
573 532 662 596 notio
685 533 905 614 paenitentiae
920 541 969 600 est
991 535 1118 602 tributa.
1156 537 1218 602 Ita·

89 649 250 715 quocum
281 629 343 694 hac
370 629 424 695 via
452 631 560 694 omnia
588 647 672 712 quae
701 630 764 695 huc
793 633 957 714 pertinent
980 635 1080 698 verba
1109 641 1217 717 putem

89 726 285 814 explicanda
312 745 401 808 esse,
434 733 470 792 ut
497 746 515 792 e
542 726 676 792 notione
703 728 897 794 succedendi
927 736 1024 811 atque
1051 731 1219 796 iterandae

89 825 232 894 eiusdem
247 823 386 890 actionis
396 823 527 890 fluxisse
537 823 702 888 notionem
718 826 905 891 mutationis
915 833 1063 909 statuam,
1075 828 1217 893 concedo

89 943 168 990 sane
191 942 254 987 non
277 922 325 986 ita
348 922 524 1005 simplicem
548 939 621 986 esse
643 921 906 990 lacerationem
928 943 967 989 ac
995 944 1099 1008 paene
1121 944 1217 1007 quae·

89 1023 183 1088 sitam
212 1039 307 1103 posse
330 1017 444 1084 videri.
488 1017 554 1084 Sed
578 1037 642 1101 qna
669 1020 795 1085 ratione
817 1027 849 1086 ct
871 1022 1065 1104 simpliciore
1087 1029 1118 1087 et
1147 1043 1217 1106 pro·

90 1117 248 1184 babiliore
270 1135 288 1182 e
310 1115 444 1200 propria
465 1113 612 1180 adverbii
633 1113 717 1195 μετά
740 1117 772 1181 vi
796 1117 883 1184 notio
906 1119 989 1185 adeo
1013 1119 1141 1185 diversa
1164 1118 1217 1185 de·

90 1215 187 1282 rivari
210 1214 321 1297 possit,
345 1219 473 1296 egomet
493 1233 559 1277 non
581 1231 745 1294 assequor.

174 1312 243 1378 Iam
266 1317 440 1392 antequam
462 1310 506 1376 ad
521 1311 649 1393 singula
663 1312 762 1376 verba
779 1313 980 1394 accedamus,
1003 1313 1064 1377 lroc
1086 1331 1217 1379 monen-

90 1409 166 1474 dum
189 1416 253 1488 est,
282 1427 477 1490 quamquam
499 1409 533 1471 in
562 1407 650 1472 haud
672 1407 790 1489 exiguo
812 1410 982 1475 verborum
1008 1429 1141 1475 numero
1164 1408 1217 1475 vel

88 1507 194 1590 ipsam
217 1509 331 1589 „post“
360 1505 625 1588 significationem
649 1506 701 1571 vel
730 1506 845 1573 saltem
873 1509 943 1572 eius
965 1507 1102 1588 vestigia
1129 1507 1218 1573 iuve-

89 1604 235 1685 niamus,
263 1610 373 1668 nmen
394 1603 428 1668 in
457 1604 619 1686 plerisque
642 1603 749 1669 vorbis
770 1605 910 1670 maxime
932 1605 1117 1688 posterioris
1139 1611 1216 1669 tem-

89 1701 177 1785 poris
199 1706 231 1766 et
251 1701 332 1766 loeis
354 1701 564 1782 posteriorum
586 1701 776 1783 scriptorum
799 1701 1071 1785 praepositionem
1093 1703 1215 1767 nullam

91 1799 190 1865 aliam
219 1796 280 1862 nisi
310 1815 430 1862 meram
453 1796 598 1862 mutandi
627 1797 693 1861 vim
720 1798 891 1879 exhibere,
921 1818 1003 1880 quae
1031 1819 1082 1864 res
1110 1800 1216 1865 minus

91 1897 173 1961 mira
193 1894 370 1972 ridebitur,
401 1894 428 1959 si
450 1894 705 1976 meminerimus,
735 1894 842 1977 quoad
865 1902 1006 1960 nostmm
1028 1917 1078 1957 um
1102 1896 1214 1961 eadem

90 1993 122 2057 vi
153 1999 339 2076 usurpatum
368 2011 389 2055 a
417 1991 548 2076 propria
575 1992 730 2057 volvendi
763 1993 892 2058 notione
920 1993 1096 2058 recesserit.
1148 1994 1216 2060 Nec

90 2091 152 2155 hoc
178 2087 417 2172 neglegendum
449 2097 515 2170 est,
548 2089 635 2170 quod
668 2109 862 2172 quamquam
896 2089 959 2155 iam
992 2091 1214 2174 antiquissimo

89 2195 234 2268 tempore
260 2185 466 2252 inveniuntur
494 2187 595 2252 verba
616 2185 699 2252 adeo
730 2187 919 2252 obscuratae
949 2187 1136 2271 principalis
1161 2209 1215 2253 no-

90 2283 203 2363 tionis,
229 2289 337 2350 tamen
359 2284 490 2348 omnino
512 2282 600 2366 apud
622 2283 796 2349 Homerum
818 2290 893 2350 sunt
915 2283 1035 2348 rariora
1056 2291 1089 2350 et
1111 2293 1217 2367 poste·

90 2381 175 2446 riore
196 2379 325 2446 demum
347 2388 492 2464 tempore
514 2380 617 2461 magis
639 2379 805 2463 magisque
833 2381 1080 2446 increbrescunt.
1125 2381 1216 2460 Quae

90 2497 162 2543 cnm
184 2477 231 2542 ita
258 2477 337 2559 sint,
367 2479 401 2542 in
429 2484 497 2543 tota
525 2476 586 2541 hac
614 2477 719 2544 classe
748 2476 1011 2560 proficiscendum
1040 2479 1215 2546 establis

90 2574 257 2642 vocabulis
277 2581 375 2658 atque
396 2575 486 2655 locis,
509 2593 592 2656 quae
607 2575 744 2658 vestigia
765 2576 879 2642 saltem
903 2578 1052 2659 propriae
1075 2578 1214 2644 notionis

91 2670 260 2752 exhibent,
291 2673 366 2737 dein
390 2691 408 2738 e
431 2680 608 2738 ceterorum
631 2673 800 2739 verborum
830 2673 909 2739 satis
931 2694 1047 2756 magno
1070 2694 1212 2756 numero,

90 2788 162 2834 cum
178 2768 287 2833 omnia
299 2768 416 2833 afferre
431 2768 562 2850 longum
584 2769 634 2846 sit,
658 2787 697 2833 ea
710 2769 930 2836 tautummodo
947 2771 1212 2853 commemorabo,

91 2885 173 2948 quae
195 2865 325 2930 maioris
346 2866 499 2930 momenti
520 2873 603 2930 sunt.

179 2963 284 3044 Atque
310 2969 344 3027 nt
366 2983 386 3026 a
407 2962 514 3028 verbis
543 2960 785 3044 paenitendi
809 2963 972 3044 exordiar,
1005 2965 1105 3032 habes
1127 2963 1214 3048 apud

92 3060 265 3125 Homerum
294 3056 534 3140 permoreris
564 3057 678 3140 etet,
707 3057 762 3122 ubi
785 3059 927 3126 Helena:
958 3057 1037 3145 ἄτην
1061 3061 1096 3126 δὲ
1119 3058 1213 3144 μετέ-

93 3178 223 3230 στενον,
256 3151 294 3240 ἣν
313 3149 497 3242 Ἀφροδίτη
522 3147 615 3236 δῶχ’,
647 3148 701 3218 ὅτε
723 3149 761 3234 μ’
793 3151 891 3238 ἤγαγε
913 3166 1016 3235 κεῖσε,
1049 3158 1136 3241 quod
1165 3165 1214 3225 est

90 3253 220 3339 proprie
247 3253 320 3330 „ich
343 3253 462 3321 seuizte
484 3253 542 3321 der
562 3251 684 3319 Schuld
706 3252 810 3316 naeh“
841 3253 894 3319 vel
917 3256 1013 3320 etiam
1041 3275 1214 3335 „errorem

91 3351 133 3418 do
155 3357 331 3434 quoantea
351 3359 545 3432 conquesta
566 3369 646 3430 sum,
669 3353 782 3433 postea
798 3349 862 3416 iam
884 3353 1054 3433 gemebam
1062 3355 1085 3416 “.
1123 3352 1215 3419 idem

93 3450 226 3516 verbnm
249 3447 336 3532 apud
358 3448 552 3532 Aeschylum
577 3449 667 3514 Eum.
685 3449 726 3511 59
748 3439 806 3510 οὐκ
829 3441 957 3512 ὄπωπα
981 3497 1037 3511 ...
1063 3443 1135 3534 ἥτις
1158 3442 1216 3515 αἶα

92 3543 187 3610 τοῦτ’
211 3543 385 3628 ἐπεύχεται
399 3549 493 3628 γένος
507 3536 667 3628 τρέφουσ’
693 3535 788 3610 ἆνατὶ
803 3541 846 3630 μὴ
863 3542 1074 3623 μεταστένειν
1092 3543 1215 3630 πόνανς

93 3645 133 3708 ei.
155 3641 571 3724 μεταστοααχὶζομαι
593 3642 670 3709 Hes.
692 3651 771 3710 scut.
787 3644 828 3707 92
851 3639 963 3706 πολλὰ
983 3647 1216 3725 μετεστσναχὶ-

92 3732 157 3818 ζετ’
183 3737 326 3805 ὀπίσσω.

178 3836 414 3914 carasiaco
447 3841 487 3900 A
516 3839 577 3902 tot
612 3824 630 3922 ἦ
660 3833 692 3902 ιε’
721 3861 778 3919 μιν
802 3831 990 3918 (Ἀχιλλέα)
1013 3835 1075 3900 oi'w
1106 3835 1218 3904 πολλὰ

91 3931 392 4018 μετακλαύσεσθαι,
416 3932 491 4000 ἐπεί
513 3926 544 3998 κ’
570 3929 639 4000 ἀπὸ
662 3932 742 4012 λαός
764 3931 890 4022 ὄληται.
