<?xml version="1.0" encoding="UTF-8"?>
<!DOCTYPE html PUBLIC "-//W3C//DTD XHTML 1.0 Transitional//EN"
    "http://www.w3.org/TR/xhtml1/DTD/xhtml1-transitional.dtd">
<html xmlns="http://www.w3.org/1999/xhtml" xml:lang="en" lang="en">
 <head>
  <title>
</title>
<meta http-equiv="Content-Type" content="text/html;charset=utf-8" />
  <meta name='ocr-system' content='tesseract 3.04.00' />
  <meta name='ocr-capabilities' content='ocr_page ocr_carea ocr_par ocr_line ocrx_word'/>
</head>
<body>
  <div class='ocr_page' id='page_1' title='image "./depraepositioni00funcgoog_0054.png"; bbox 0 0 2948 4518; ppageno 0'>
   <div class='ocr_carea' id='block_1_1' title="bbox 500 307 1242 400">
    <p class='ocr_par' dir='ltr' id='par_1_1' title="bbox 500 307 1242 400">
     <span class='ocr_line' id='line_1_1' title="bbox 500 307 1242 400; baseline 0.004 -16"><span class='ocrx_word' id='word_1_1' title='bbox 500 333 533 384; x_wconf 78' lang='lat' dir='ltr'>rie</span> <span class='ocrx_word' id='word_1_2' title='bbox 552 331 752 400; x_wconf 77' lang='lat' dir='ltr'><strong>praepositione</strong></span> <span class='ocrx_word' id='word_1_3' title='bbox 769 349 848 398; x_wconf 77' lang='grc' dir='ltr'><strong><em>μετα.</em></strong></span> <span class='ocrx_word' id='word_1_4' title='bbox 958 307 961 316; x_wconf 53' lang='grc'><strong><em>’</em></strong></span> <span class='ocrx_word' id='word_1_5' title='bbox 1142 311 1145 320; x_wconf 88' lang='lat'>.</span> <span class='ocrx_word' id='word_1_6' title='bbox 1184 329 1242 389; x_wconf 88' lang='grc'>163</span> 
     </span>
    </p>
   </div>
   <div class='ocr_carea' id='block_1_2' title="bbox 119 503 1245 779">
    <p class='ocr_par' dir='ltr' id='par_1_2' title="bbox 119 503 1245 779">
     <span class='ocr_line' id='line_1_2' title="bbox 119 503 1244 587; baseline -0.004 -17"><span class='ocrx_word' id='word_1_7' title='bbox 119 505 300 587; x_wconf 87' lang='lat' dir='ltr'>compositis</span> <span class='ocrx_word' id='word_1_8' title='bbox 328 503 494 568; x_wconf 84' lang='lat' dir='ltr'>vocabulis</span> <span class='ocrx_word' id='word_1_9' title='bbox 523 503 698 585; x_wconf 89' lang='lat' dir='ltr'>posteriore</span> <span class='ocrx_word' id='word_1_10' title='bbox 726 509 871 584; x_wconf 81' lang='lat' dir='ltr'>tempore</span> <span class='ocrx_word' id='word_1_11' title='bbox 904 521 1007 583; x_wconf 76' lang='lat' dir='ltr'>patrea</span> <span class='ocrx_word' id='word_1_12' title='bbox 1039 508 1161 567; x_wconf 87' lang='lat' dir='ltr'>tantum</span> <span class='ocrx_word' id='word_1_13' title='bbox 1189 521 1244 566; x_wconf 87' lang='lat' dir='ltr'>ve-</span> 
     </span>
     <span class='ocr_line' id='line_1_3' title="bbox 121 595 1242 683; baseline -0.004 -19"><span class='ocrx_word' id='word_1_14' title='bbox 121 602 217 683; x_wconf 83' lang='lat' dir='ltr'>stigia</span> <span class='ocrx_word' id='word_1_15' title='bbox 238 602 270 666; x_wconf 91' lang='lat' dir='ltr'>in</span> <span class='ocrx_word' id='word_1_16' title='bbox 293 601 402 664; x_wconf 77' lang='lat' dir='ltr'>verbis</span> <span class='ocrx_word' id='word_1_17' title='bbox 424 603 585 680; x_wconf 65' lang='grc' dir='ltr'><strong><em>μετέχειν,</em></strong></span> <span class='ocrx_word' id='word_1_18' title='bbox 612 595 876 681; x_wconf 68' lang='grc' dir='ltr'><em>μεταλαμβάνειν</em></span> <span class='ocrx_word' id='word_1_19' title='bbox 905 597 1125 681; x_wconf 78' lang='lat' dir='ltr'>similibusque</span> <span class='ocrx_word' id='word_1_20' title='bbox 1152 606 1184 663; x_wconf 81' lang='lat' dir='ltr'>et</span> <span class='ocrx_word' id='word_1_21' title='bbox 1211 599 1242 661; x_wconf 90' lang='lat' dir='ltr'>in</span> 
     </span>
     <span class='ocr_line' id='line_1_4' title="bbox 121 694 1245 779; baseline -0.002 -17"><span class='ocrx_word' id='word_1_22' title='bbox 121 699 302 762; x_wconf 84' lang='lat' dir='ltr'>nominibus</span> <span class='ocrx_word' id='word_1_23' title='bbox 325 698 459 774; x_wconf 87' lang='lat' dir='ltr'>talibus,</span> <span class='ocrx_word' id='word_1_24' title='bbox 490 699 599 779; x_wconf 87' lang='lat' dir='ltr'>qualia</span> <span class='ocrx_word' id='word_1_25' title='bbox 620 704 694 762; x_wconf 89' lang='lat' dir='ltr'>sunt</span> <span class='ocrx_word' id='word_1_26' title='bbox 715 700 920 776; x_wconf 74' lang='grc' dir='ltr'><em>μεταίχμιος,</em></span> <span class='ocrx_word' id='word_1_27' title='bbox 944 694 1157 776; x_wconf 78' lang='grc' dir='ltr'><em>μεταμάζιος,</em></span> <span class='ocrx_word' id='word_1_28' title='bbox 1181 714 1245 760; x_wconf 89' lang='lat' dir='ltr'>scr-</span> 
     </span>
    </p>
   </div>
   <div class='ocr_carea' id='block_1_3' title="bbox 121 792 1340 877">
    <p class='ocr_par' dir='ltr' id='par_1_3' title="bbox 121 792 1340 877">
     <span class='ocr_line' id='line_1_5' title="bbox 121 792 1340 877; baseline -0.002 -19"><span class='ocrx_word' id='word_1_29' title='bbox 121 804 197 859; x_wconf 80' lang='lat' dir='ltr'>rata</span> <span class='ocrx_word' id='word_1_30' title='bbox 224 801 342 874; x_wconf 85' lang='lat' dir='ltr'>essent,</span> <span class='ocrx_word' id='word_1_31' title='bbox 372 813 427 873; x_wconf 89' lang='lat' dir='ltr'>ca,</span> <span class='ocrx_word' id='word_1_32' title='bbox 460 813 542 876; x_wconf 86' lang='lat' dir='ltr'>quae</span> <span class='ocrx_word' id='word_1_33' title='bbox 575 795 607 858; x_wconf 93' lang='lat' dir='ltr'>in</span> <span class='ocrx_word' id='word_1_34' title='bbox 640 792 816 877; x_wconf 81' lang='lat' dir='ltr'>posteriorc</span> <span class='ocrx_word' id='word_1_35' title='bbox 845 794 1122 858; x_wconf 81' lang='lat' dir='ltr'>commentationis</span> <span class='ocrx_word' id='word_1_36' title='bbox 1155 799 1246 875; x_wconf 81' lang='lat' dir='ltr'>parte</span> <span class='ocrx_word' id='word_1_37' title='bbox 1336 793 1340 808; x_wconf 73' lang='lat'><strong>¹</strong></span> 
     </span>
    </p>
   </div>
   <div class='ocr_carea' id='block_1_4' title="bbox 120 890 1249 2134">
    <p class='ocr_par' dir='ltr' id='par_1_4' title="bbox 120 890 1249 1745">
     <span class='ocr_line' id='line_1_6' title="bbox 121 890 1246 975; baseline -0.003 -20"><span class='ocrx_word' id='word_1_38' title='bbox 121 893 223 975; x_wconf 86' lang='lat' dir='ltr'>primo</span> <span class='ocrx_word' id='word_1_39' title='bbox 246 893 315 956; x_wconf 90' lang='lat' dir='ltr'>loco</span> <span class='ocrx_word' id='word_1_40' title='bbox 338 893 444 974; x_wconf 83' lang='lat' dir='ltr'>posui,</span> <span class='ocrx_word' id='word_1_41' title='bbox 472 893 571 956; x_wconf 78' lang='lat' dir='ltr'>verba</span> <span class='ocrx_word' id='word_1_42' title='bbox 593 891 669 955; x_wconf 90' lang='lat' dir='ltr'>inde</span> <span class='ocrx_word' id='word_1_43' title='bbox 691 910 730 955; x_wconf 85' lang='lat' dir='ltr'>ex</span> <span class='ocrx_word' id='word_1_44' title='bbox 754 890 884 953; x_wconf 82' lang='lat' dir='ltr'>Homeri</span> <span class='ocrx_word' id='word_1_45' title='bbox 906 890 1100 955; x_wconf 81' lang='lat' dir='ltr'>carminibus</span> <span class='ocrx_word' id='word_1_46' title='bbox 1122 909 1179 974; x_wconf 86' lang='lat' dir='ltr'>per</span> <span class='ocrx_word' id='word_1_47' title='bbox 1199 896 1246 953; x_wconf 92' lang='lat' dir='ltr'>to-</span> 
     </span>
     <span class='ocr_line' id='line_1_7' title="bbox 120 987 1246 1054; baseline -0.001 -3"><span class='ocrx_word' id='word_1_48' title='bbox 120 999 186 1052; x_wconf 88' lang='lat' dir='ltr'>tam</span> <span class='ocrx_word' id='word_1_49' title='bbox 221 988 433 1054; x_wconf 87' lang='lat' dir='ltr'>Graecitatem</span> <span class='ocrx_word' id='word_1_50' title='bbox 472 987 549 1053; x_wconf 90' lang='lat' dir='ltr'>satis</span> <span class='ocrx_word' id='word_1_51' title='bbox 582 988 700 1051; x_wconf 85' lang='lat' dir='ltr'>usitata</span> <span class='ocrx_word' id='word_1_52' title='bbox 736 995 966 1052; x_wconf 85' lang='lat' dir='ltr'>remanserunt.</span> <span class='ocrx_word' id='word_1_53' title='bbox 1020 988 1171 1052; x_wconf 83' lang='lat' dir='ltr'>Attamen</span> <span class='ocrx_word' id='word_1_54' title='bbox 1203 1005 1246 1051; x_wconf 87' lang='lat' dir='ltr'>nc</span> 
     </span>
     <span class='ocr_line' id='line_1_8' title="bbox 121 1084 1246 1172; baseline -0.004 -22"><span class='ocrx_word' id='word_1_55' title='bbox 121 1103 228 1150; x_wconf 87' lang='lat' dir='ltr'>eorum</span> <span class='ocrx_word' id='word_1_56' title='bbox 264 1085 392 1166; x_wconf 86' lang='lat' dir='ltr'>quidem</span> <span class='ocrx_word' id='word_1_57' title='bbox 427 1103 576 1150; x_wconf 80' lang='lat' dir='ltr'>numerus</span> <span class='ocrx_word' id='word_1_58' title='bbox 608 1104 744 1164; x_wconf 84' lang='lat' dir='ltr'>magnus</span> <span class='ocrx_word' id='word_1_59' title='bbox 777 1092 862 1166; x_wconf 80' lang='lat' dir='ltr'>erat3</span> <span class='ocrx_word' id='word_1_60' title='bbox 896 1085 995 1148; x_wconf 87' lang='lat' dir='ltr'>multo</span> <span class='ocrx_word' id='word_1_61' title='bbox 1030 1084 1246 1172; x_wconf 76' lang='lat' dir='ltr'>frequentiora</span> 
     </span>
     <span class='ocr_line' id='line_1_9' title="bbox 121 1179 1244 1263; baseline -0.004 -17"><span class='ocrx_word' id='word_1_62' title='bbox 121 1181 228 1246; x_wconf 79' lang='lat' dir='ltr'>Attica</span> <span class='ocrx_word' id='word_1_63' title='bbox 250 1183 376 1263; x_wconf 86' lang='lat' dir='ltr'>quidem</span> <span class='ocrx_word' id='word_1_64' title='bbox 399 1189 505 1246; x_wconf 85' lang='lat' dir='ltr'>aetate</span> <span class='ocrx_word' id='word_1_65' title='bbox 527 1201 567 1246; x_wconf 87' lang='lat' dir='ltr'>ea</span> <span class='ocrx_word' id='word_1_66' title='bbox 581 1181 681 1245; x_wconf 76' lang='lat' dir='ltr'>verba</span> <span class='ocrx_word' id='word_1_67' title='bbox 701 1179 787 1245; x_wconf 83' lang='lat' dir='ltr'>facta</span> <span class='ocrx_word' id='word_1_68' title='bbox 808 1187 892 1258; x_wconf 90' lang='lat' dir='ltr'>sunt,</span> <span class='ocrx_word' id='word_1_69' title='bbox 916 1201 998 1262; x_wconf 85' lang='lat' dir='ltr'>quae</span> <span class='ocrx_word' id='word_1_70' title='bbox 1021 1181 1131 1246; x_wconf 84' lang='lat' dir='ltr'>miram</span> <span class='ocrx_word' id='word_1_71' title='bbox 1155 1180 1244 1244; x_wconf 88' lang='lat' dir='ltr'>illam</span> 
     </span>
     <span class='ocr_line' id='line_1_10' title="bbox 123 1275 1245 1355; baseline -0.004 -11"><span class='ocrx_word' id='word_1_72' title='bbox 123 1278 268 1344; x_wconf 84' lang='lat' dir='ltr'>mutandi</span> <span class='ocrx_word' id='word_1_73' title='bbox 299 1279 460 1344; x_wconf 93' lang='lat' dir='ltr'>notionem</span> <span class='ocrx_word' id='word_1_74' title='bbox 491 1277 654 1343; x_wconf 84' lang='lat' dir='ltr'>exhibent.</span> <span class='ocrx_word' id='word_1_75' title='bbox 706 1277 764 1341; x_wconf 80' lang='lat' dir='ltr'>Est</span> <span class='ocrx_word' id='word_1_76' title='bbox 792 1275 852 1342; x_wconf 92' lang='lat' dir='ltr'>boc</span> <span class='ocrx_word' id='word_1_77' title='bbox 880 1297 960 1343; x_wconf 85' lang='lat' dir='ltr'>sanc</span> <span class='ocrx_word' id='word_1_78' title='bbox 988 1277 1066 1342; x_wconf 90' lang='lat' dir='ltr'>satis</span> <span class='ocrx_word' id='word_1_79' title='bbox 1094 1276 1245 1355; x_wconf 86' lang='lat' dir='ltr'>notabile,</span> 
     </span>
     <span class='ocr_line' id='line_1_11' title="bbox 125 1373 1247 1457; baseline -0.004 -17"><span class='ocrx_word' id='word_1_80' title='bbox 125 1374 183 1440; x_wconf 88' lang='lat' dir='ltr'>scd</span> <span class='ocrx_word' id='word_1_81' title='bbox 206 1375 336 1440; x_wconf 90' lang='lat' dir='ltr'>minime</span> <span class='ocrx_word' id='word_1_82' title='bbox 368 1396 439 1439; x_wconf 83' lang='lat' dir='ltr'>raro</span> <span class='ocrx_word' id='word_1_83' title='bbox 461 1376 494 1439; x_wconf 92' lang='lat' dir='ltr'>in</span> <span class='ocrx_word' id='word_1_84' title='bbox 524 1375 643 1456; x_wconf 86' lang='lat' dir='ltr'>tinguis</span> <span class='ocrx_word' id='word_1_85' title='bbox 672 1373 740 1439; x_wconf 83' lang='lat' dir='ltr'>iicri</span> <span class='ocrx_word' id='word_1_86' title='bbox 763 1373 971 1457; x_wconf 78' lang='lat' dir='ltr'>conspicitur,</span> <span class='ocrx_word' id='word_1_87' title='bbox 995 1382 1162 1453; x_wconf 77' lang='lat' dir='ltr'>utronea,</span> <span class='ocrx_word' id='word_1_88' title='bbox 1185 1391 1247 1455; x_wconf 93' lang='lat' dir='ltr'>quo</span> 
     </span>
     <span class='ocr_line' id='line_1_12' title="bbox 123 1469 1247 1555; baseline -0.003 -19"><span class='ocrx_word' id='word_1_89' title='bbox 123 1473 226 1554; x_wconf 89' lang='lat' dir='ltr'>magis</span> <span class='ocrx_word' id='word_1_90' title='bbox 249 1473 434 1555; x_wconf 82' lang='lat' dir='ltr'>principalia</span> <span class='ocrx_word' id='word_1_91' title='bbox 457 1493 566 1538; x_wconf 87' lang='lat' dir='ltr'>carum</span> <span class='ocrx_word' id='word_1_92' title='bbox 589 1469 777 1552; x_wconf 83' lang='lat' dir='ltr'>significatio</span> <span class='ocrx_word' id='word_1_93' title='bbox 799 1471 968 1536; x_wconf 87' lang='lat' dir='ltr'>inflectitur</span> <span class='ocrx_word' id='word_1_94' title='bbox 996 1479 1028 1536; x_wconf 87' lang='lat' dir='ltr'>et</span> <span class='ocrx_word' id='word_1_95' title='bbox 1050 1471 1247 1548; x_wconf 86' lang='lat' dir='ltr'>obscuratur,</span> 
     </span>
     <span class='ocr_line' id='line_1_13' title="bbox 125 1565 1249 1650; baseline -0.003 -17"><span class='ocrx_word' id='word_1_96' title='bbox 125 1591 164 1633; x_wconf 90' lang='lat' dir='ltr'>co</span> <span class='ocrx_word' id='word_1_97' title='bbox 196 1568 391 1650; x_wconf 77' lang='lat' dir='ltr'>frequentius</span> <span class='ocrx_word' id='word_1_98' title='bbox 419 1571 451 1632; x_wconf 93' lang='lat' dir='ltr'>in</span> <span class='ocrx_word' id='word_1_99' title='bbox 485 1589 576 1634; x_wconf 90' lang='lat' dir='ltr'>usum</span> <span class='ocrx_word' id='word_1_100' title='bbox 609 1567 772 1632; x_wconf 90' lang='lat' dir='ltr'>hominum</span> <span class='ocrx_word' id='word_1_101' title='bbox 806 1567 1002 1649; x_wconf 85' lang='lat' dir='ltr'>loquentium</span> <span class='ocrx_word' id='word_1_102' title='bbox 1034 1565 1249 1632; x_wconf 84' lang='lat' dir='ltr'>adhibeantur</span> 
     </span>
     <span class='ocr_line' id='line_1_14' title="bbox 127 1664 1113 1745; baseline -0.002 -16"><span class='ocrx_word' id='word_1_103' title='bbox 127 1667 228 1731; x_wconf 75' lang='lat' dir='ltr'>noris</span> <span class='ocrx_word' id='word_1_104' title='bbox 253 1685 336 1745; x_wconf 82' lang='lat' dir='ltr'>quae</span> <span class='ocrx_word' id='word_1_105' title='bbox 358 1667 483 1730; x_wconf 86' lang='lat' dir='ltr'>interim</span> <span class='ocrx_word' id='word_1_106' title='bbox 508 1673 638 1730; x_wconf 82' lang='lat' dir='ltr'>exortae</span> <span class='ocrx_word' id='word_1_107' title='bbox 661 1673 743 1742; x_wconf 86' lang='lat' dir='ltr'>sunt,</span> <span class='ocrx_word' id='word_1_108' title='bbox 766 1664 949 1730; x_wconf 86' lang='lat' dir='ltr'>notionibus</span> <span class='ocrx_word' id='word_1_109' title='bbox 971 1664 1113 1729; x_wconf 84' lang='lat' dir='ltr'>indutae.</span> 
     </span>
    </p>

    <p class='ocr_par' dir='ltr' id='par_1_5' title="bbox 122 1759 1249 2134">
     <span class='ocr_line' id='line_1_15' title="bbox 211 1759 1248 1844; baseline -0.002 -18"><span class='ocrx_word' id='word_1_110' title='bbox 211 1761 399 1843; x_wconf 90' lang='lat' dir='ltr'>Ubicunque</span> <span class='ocrx_word' id='word_1_111' title='bbox 431 1771 537 1827; x_wconf 87' lang='lat' dir='ltr'>autern</span> <span class='ocrx_word' id='word_1_112' title='bbox 574 1761 661 1827; x_wconf 85' lang='lat' dir='ltr'>verbi</span> <span class='ocrx_word' id='word_1_113' title='bbox 695 1763 886 1826; x_wconf 86' lang='lat' dir='ltr'>constructio</span> <span class='ocrx_word' id='word_1_114' title='bbox 918 1761 1073 1827; x_wconf 82' lang='lat' dir='ltr'>adverbio</span> <span class='ocrx_word' id='word_1_115' title='bbox 1106 1759 1248 1844; x_wconf 83' lang='lat' dir='ltr'>praefixo</span> 
     </span>
     <span class='ocr_line' id='line_1_16' title="bbox 122 1857 1249 1941; baseline -0.001 -19"><span class='ocrx_word' id='word_1_116' title='bbox 122 1857 259 1922; x_wconf 77' lang='lat' dir='ltr'>aliaest</span> <span class='ocrx_word' id='word_1_117' title='bbox 287 1860 387 1935; x_wconf 88' lang='lat' dir='ltr'>iacta,</span> <span class='ocrx_word' id='word_1_118' title='bbox 414 1859 496 1923; x_wconf 84' lang='lat' dir='ltr'>bunc</span> <span class='ocrx_word' id='word_1_119' title='bbox 526 1861 732 1924; x_wconf 87' lang='lat' dir='ltr'>mutationem</span> <span class='ocrx_word' id='word_1_120' title='bbox 763 1865 884 1923; x_wconf 87' lang='lat' dir='ltr'>mutata</span> <span class='ocrx_word' id='word_1_121' title='bbox 912 1860 1012 1941; x_wconf 86' lang='lat' dir='ltr'>ipsius</span> <span class='ocrx_word' id='word_1_122' title='bbox 1034 1859 1122 1924; x_wconf 84' lang='lat' dir='ltr'>vorbi</span> <span class='ocrx_word' id='word_1_123' title='bbox 1152 1858 1249 1940; x_wconf 84' lang='lat' dir='ltr'>signi·</span> 
     </span>
     <span class='ocr_line' id='line_1_17' title="bbox 124 1955 1249 2040; baseline -0.001 -21"><span class='ocrx_word' id='word_1_124' title='bbox 124 1955 272 2021; x_wconf 79' lang='lat' dir='ltr'>tratione</span> <span class='ocrx_word' id='word_1_125' title='bbox 309 1957 453 2021; x_wconf 83' lang='lat' dir='ltr'>effectam</span> <span class='ocrx_word' id='word_1_126' title='bbox 489 1977 560 2022; x_wconf 87' lang='lat' dir='ltr'>esse</span> <span class='ocrx_word' id='word_1_127' title='bbox 591 1978 629 2023; x_wconf 84' lang='lat' dir='ltr'>ex</span> <span class='ocrx_word' id='word_1_128' title='bbox 664 1957 827 2038; x_wconf 88' lang='lat' dir='ltr'>omnibus,</span> <span class='ocrx_word' id='word_1_129' title='bbox 865 1976 947 2040; x_wconf 85' lang='lat' dir='ltr'>quae</span> <span class='ocrx_word' id='word_1_130' title='bbox 980 1957 1143 2040; x_wconf 86' lang='lat' dir='ltr'>proposita</span> <span class='ocrx_word' id='word_1_131' title='bbox 1175 1961 1249 2020; x_wconf 88' lang='lat' dir='ltr'>sunt</span> 
     </span>
     <span class='ocr_line' id='line_1_18' title="bbox 125 2053 892 2134; baseline 0.003 -17"><span class='ocrx_word' id='word_1_132' title='bbox 125 2053 286 2134; x_wconf 80' lang='lat' dir='ltr'>exempla,</span> <span class='ocrx_word' id='word_1_133' title='bbox 310 2053 485 2120; x_wconf 86' lang='lat' dir='ltr'>clarissimo</span> <span class='ocrx_word' id='word_1_134' title='bbox 509 2055 634 2119; x_wconf 79' lang='lat' dir='ltr'>eiricere</span> <span class='ocrx_word' id='word_1_135' title='bbox 655 2055 733 2119; x_wconf 88' lang='lat' dir='ltr'>mihi</span> <span class='ocrx_word' id='word_1_136' title='bbox 757 2054 892 2120; x_wconf 79' lang='lat' dir='ltr'>videtur.</span> 
     </span>
    </p>
   </div>
   <div class='ocr_carea' id='block_1_5' title="bbox 0 0 1494 4518">
    <p class='ocr_par' dir='ltr' id='par_1_6' title="bbox 0 0 1494 4518">
     <span class='ocr_line' id='line_1_19' title="bbox 0 0 1494 4518; baseline 0 0"><span class='ocrx_word' id='word_1_137' title='bbox 0 0 1494 4518; x_wconf 95' lang='lat' dir='ltr'> </span> 
     </span>
    </p>
   </div>
  </div>
 </body>
</html>
