2948 4518
251 358 312 417 150
445 305 454 320 ·
768 358 867 412 Fuuolr

250 552 291 598 ue
324 533 366 598 ab
394 531 572 596 Homericis
605 528 733 613 quidem
762 530 957 597 carminibus
986 529 1095 596 aliena
1124 539 1180 598 est.
1232 531 1377 597 Primum

251 630 353 710 enim,
383 627 468 711 quod
491 629 575 694 benc
600 632 770 711 perspecta
790 628 823 691 vi
845 626 990 692 adverbii
1011 624 1094 708 μετά
1117 629 1237 693 nemini
1260 630 1377 694 mirum

249 726 420 806 videbitur,
443 725 476 789 iu
496 725 604 791 verbis
625 725 809 808 compositis
832 744 850 790 e
872 723 1002 791 notione
1023 723 1200 791 accedendi
1221 725 1378 794 facillime

251 823 415 888 derivatur
442 823 491 888 vis
519 820 712 889 arcessendi.
756 821 921 886 Habemus
948 821 1013 886 iam
1041 821 1075 886 iu
1104 823 1174 888 luco
1204 823 1377 890 Homerico

251 939 348 1002 supra
369 919 469 985 allato
492 924 519 982 θ
538 925 577 984 47
601 919 704 1005 κῆρυξ
725 917 761 984 δὲ
782 915 989 1002 μετῴχετο
1013 921 1111 984 θεῖον
1134 913 1260 986 ἀοιδόν.
1299 922 1378 988 Sae-

249 1016 381 1100 pissime
409 1035 484 1081 vero
517 1016 667 1082 inferiore
698 1023 842 1099 tempore
874 1015 1045 1082 invenitur.
1096 1018 1138 1082 Et
1169 1018 1257 1102 apud
1286 1021 1378 1084 Euri·

250 1113 358 1197 pidem
395 1113 524 1195 quidem
561 1114 729 1198 aptissima
759 1120 807 1180 est
842 1112 932 1179 hisce
963 1114 1059 1179 locis:
1095 1116 1180 1181 Med.
1214 1121 1234 1181 6
1272 1118 1307 1180 οἳ
1339 1114 1377 1181 τὸ

251 1208 441 1293 πάγχρυσον
466 1209 562 1291 δέρας
584 1209 692 1295 Πελίᾳ
714 1209 947 1295 μετῆλθον;
981 1210 1057 1276 Hec.
1082 1215 1144 1276 512
1167 1205 1226 1278 οὖν
1250 1206 1306 1294 dp’
1333 1210 1377 1290 ὡς

249 1305 458 1390 θονουμένας
491 1301 598 1394 ἡμᾶς
630 1307 859 1394 μετῆλθες,·
895 1306 1023 1373 Heracl.
1061 1314 1140 1375 1023
1174 1305 1267 1374 τόνδ’
1305 1304 1378 1375 εἶτα

249 1403 361 1486 νεκρὸν
390 1413 462 1480 τοῖς
494 1402 783 1484 μετελθοῦσιν
818 1402 926 1487 φίλων
959 1402 1072 1489 ὄώσω;
1108 1408 1184 1473 Tro.
1220 1411 1278 1472 131
1315 1405 1375 1473 τᾶν

248 1499 424 1567 Μενελάου
461 1498 833 1584 μετανισσόμεναι
871 1550 878 1564 .
914 1550 921 1564 .
957 1551 964 1565 .
1002 1497 1140 1586 ἅλοχονς
1178 1507 1253 1570 Tro.
1294 1510 1375 1572 1270

247 1597 517 1684 μεθήκουσίν
548 1590 582 1662 u’
604 1590 790 1674 Ὀδυσσέως
811 1594 905 1679 πάρα
927 1596 1014 1682 o‘c‘ds3
1045 1599 1168 1667 Phccn.
1194 1605 1274 1666 1317
1313 1601 1375 1686 ἐμοὶ

250 1693 283 1761 δ’
315 1691 398 1778 ἥκω
421 1694 527 1777 με’να
548 1699 651 1778 γέρων
675 1688 840 1781 ἆδελφήν;
867 1695 945 1761 Hoc.
970 1699 1031 1762 509
1054 1691 1121 1784 ἥκω
1143 1697 1376 1780 μεταστεί-

246 1817 327 1875 χων
355 1816 402 1859 οε.
439 1793 690 1860 Usitatissimum
705 1798 813 1859 autem
836 1793 897 1858 hac
912 1792 1145 1876 significatione
1167 1796 1255 1879 apud
1278 1798 1377 1881 scrip·
1423 1809 1427 1818 “
1454 1831 1455 1856 r

248 1898 333 1958 tores
356 1910 472 1975 prosae
494 1891 648 1956 orationis
671 1896 720 1957 est
741 1890 875 1955 verbum
898 1895 1165 1972 μεταπέμπω
1192 1895 1245 1959 vcl
1270 1897 1376 1977 potius

247 1989 281 2053 id
297 1989 383 2072 quod
398 1990 497 2054 multo
515 1987 644 2070 saepius
666 1988 783 2069 legitur
804 1991 1163 2068 μεταπέμπομαι,
1186 1990 1278 2056 velut
1292 1993 1374 2057 Plat.

248 2085 345 2168 Gorg.
368 2086 480 2167 471133
505 2084 616 2168 Symp.
642 2081 752 2165 17503
785 2084 877 2148 Dem.
908 2083 1035 2149 decor.
1065 2087 1164 2167 524,
1194 2091 1270 2170 169,
1295 2093 1374 2172 2153

247 2182 413 2266 Antiphon
436 2182 470 2247 in
492 2201 565 2246 nov.
589 2183 609 2262 ξ
635 2186 689 2264 15;
713 2180 814 2246 Thoe.
838 2180 864 2260 Ι,
889 2183 945 2263 953
969 2181 1010 2264 ll,
1034 2185 1089 2267 293
1113 2184 1197 2250 ch.
1221 2185 1308 2250 Hell.
1332 2187 1373 2269 Il,

234 2286 283 2362 ⁴1,
307 2284 343 2363 9,
375 2281 489 2364 quibus
511 2278 659 2344 omuibus
689 2278 768 2343 locis
793 2278 895 2343 habes
918 2278 1058 2344 medium
1086 2299 1203 2363 genus3
1233 2283 1374 2348 activum

249 2378 366 2460 legitur
388 2375 477 2461 apud
499 2374 722 2460 Thucydidem
745 2376 777 2456 Ι,
806 2379 882 2459 1123
911 2376 971 2458 IV,
996 2381 1054 2458 30,
1083 2378 1176 2457 alibi,
1206 2381 1370 2463 passivum

248 2475 348 2539 Thuc.
371 2476 397 2554 Ι,
424 2477 482 2538 128
505 2470 765 2556 μεταπεμφθεὶς
787 2466 854 2536 ὑπὸ
876 2475 1114 2558 Σπαρτιατῶν;
1136 2476 1218 2542 Plat.
1241 2478 1369 2562 Protag.

248 2571 346 2634 319ss
368 2567 445 2646 cci-9
467 2567 662 2650 οἰκοδόμους
677 2566 1017 2653 μεταπεμπομένοος;
1040 2572 1137 2637 etiam
1159 2572 1213 2638 hio
1234 2585 1371 2660 apparet

246 2667 463 2734 accusativum
495 2666 594 2732 verbo
629 2664 738 2764 deberi
772 2665 964 2749 composito,
995 2687 1071 2732 nam
1104 2688 1199 2751 quem
1232 2673 1370 2758 simplex
1453 2731 1454 2734 ,

246 2765 380 2831 verbum
402 2768 527 2846 πέμπω
556 2763 638 2847 regit
659 2763 892 2845 accusativum,
922 2784 1051 2847 prorsus
1073 2766 1155 2832 alius
1176 2767 1204 2833 is
1227 2778 1276 2835 cst
1298 2790 1371 2836 con·
1453 2789 1454 2820 l

248 2861 391 2928 dicionis.
435 2863 538 2927 Plane
566 2860 652 2926 idem
674 2860 767 2927 vides
790 2862 898 2928 valere
927 2862 969 2928 de
996 2863 1137 2945 ratione,
1167 2883 1251 2946 quae
1275 2868 1372 2934 iuter-

246 2959 331 3024 cedit
352 2961 435 3025 inter
456 2964 567 3024 nostra
581 2958 681 3023 verba
702 2956 844 3020 scticlrco
860 2964 892 3022 et
906 2957 1138 3036 boschiclcsnffl).
1174 2962 1371 3029 Derivautur

246 3062 352 3120 autem
374 3058 620 3138 εμεναπέμπω
636 3055 735 3120 verbo
750 3051 964 3137 μετάπεμψις
988 3062 1020 3121 et
1041 3057 1258 3145 μεναπομπή,
1283 3061 1370 3144 quod

246 3159 414 3234 utrumque
447 3171 564 3218 nomen
597 3150 782 3218 recentioris
815 3153 989 3219 memoriae
1023 3160 1080 3220 est.
1135 3154 1293 3239 Altera,
1329 3158 1370 3224 dc

246 3269 310 3333 qua
331 3269 428 3333 supra
450 3250 574 3331 monui,
604 3246 794 3331 significatio
823 3248 921 3314 etiam
943 3249 1058 3314 Latino
1079 3252 1179 3318 verbo
1209 3275 1370 3318 arcessere

246 3345 377 3431 propria
399 3354 460 3430 θεῖς
485 3353 534 3412 est
555 3347 640 3412 enim
663 3345 750 3410 notio
772 3346 942 3429 puniendi,
966 3365 1088 3428 poenae
1109 3351 1294 3434 repetendi,
1323 3353 1370 3418 ul·

246 3443 396 3524 ciscendi‚
420 3442 548 3526 proprie
570 3441 756 3524 accedendi,
779 3449 815 3508 ut
835 3461 942 3525 poena
963 3451 1135 3527 repetatur.
1181 3449 1239 3514 Est
1261 3457 1368 3516 autem

246 3540 298 3606 lric
337 3561 412 3608 usus
452 3540 591 3607 maxime
630 3539 776 3623 Euripidi
812 3538 1046 3620 frequentatus,
1083 3543 1137 3625 qui
1173 3547 1263 3611 varia
1301 3548 1368 3614 cius

315 3708 347 3768 ²⁰)
375 3706 468 3762 Possis
500 3707 582 3761 etiam
610 3707 729 3776 cogitare
756 3703 789 3758 de
814 3705 996 3773 intransitiva,
1032 3724 1112 3778 quam
1144 3711 1300 3780 suspicatus
1327 3719 1368 3770 est
1452 3765 1453 3780 ,

246 3783 356 3841 Curtius
380 3787 510 3852 (Verbum
528 3786 553 3851 1,
579 3804 604 3857 p.
626 3789 696 3852 154),
720 3783 746 3838 vi
769 3785 844 3839 verbi
865 3785 981 3855 πέμπειν
1003 3787 1047 3854 (cl.
1066 3789 1177 3860 πομπή,
1202 3791 1367 3864 δυσ-πέμφ-

245 3864 325 3930 ελο-ς)
344 3868 421 3923 cuius
439 3868 550 3937 vestigia
567 3872 657 3922 tumen
675 3865 703 3920 iu
720 3867 803 3921 verbo
820 3865 881 3935 ipso
899 3866 1057 3925 obscuriora
1074 3874 1151 3937 sunt,
1170 3887 1250 3941 quam
1269 3875 1366 3943 quibus
1452 3881 1453 3884 ’

245 3943 300 3998 tale
318 3946 383 4014 quid
401 3951 476 4003 certo
495 3947 673 4005 demonstrari
691 3946 785 4016 possit.
