2948 4518
490 343 522 398 de
540 341 741 412 praepositione
758 337 836 410 μετά.
1172 336 1233 396 117

109 513 228 578 rectius
249 516 490 584 constituendae
513 515 634 601 aliquid
663 513 739 582 novi
761 517 884 584 afferat.
929 517 1022 598 Mihi,
1053 515 1138 600 quod
1167 516 1232 580 iam

110 607 187 690 dixi,
211 611 299 678 aliud
323 614 427 697 potius
448 615 614 682 consilium
639 621 696 693 est,
719 623 754 680 ut
775 615 965 700 aprimaria
985 612 1233 699 praepositionis

107 707 139 771 vi
175 709 337 793 proiectus
366 713 548 795 ostendam,
583 716 710 799 qualem
739 713 993 780 coniunctionem
1023 732 1093 778 cum
1122 710 1233 776 variae

108 807 250 874 notionis
271 809 377 875 verbis
398 810 478 878 inire
500 812 558 878 illa
581 814 694 892 soleat,
716 832 842 896 quaque
864 811 988 877 ratione
1010 808 1122 874 addita
1141 825 1234 892 prae·

107 904 267 986 positione
301 907 456 992 simplicis
485 911 632 976 vocabuli
661 913 710 978 vis
746 917 843 994 atque
875 915 1032 975 structura
1060 913 1232 971 mutentur.

107 1001 166 1068 Est
180 1011 287 1070 autem
309 1005 352 1071 ad
376 1007 460 1073 hanc
475 1028 540 1074 rem
557 1009 782 1093 explicandam
806 1006 1001 1093 praepositio
1024 1002 1106 1085 perd
1129 1002 1233 1084 magis

106 1119 203 1182 quam
233 1102 411 1171 nonnullae
432 1113 607 1172 ceterarum
638 1108 773 1189 idonea,
803 1113 974 1191 propterea
996 1102 1096 1187 quod,
1123 1120 1233 1183 quam-

105 1217 203 1280 quam
227 1201 296 1266 eius
319 1221 395 1267 usus
418 1203 495 1270 satis
510 1209 618 1272 varius
640 1213 698 1288 est,
722 1212 829 1271 tamen
853 1222 1016 1285 nunquam
1040 1202 1106 1266 lere
1124 1216 1232 1261 -ex-
1267 1203 1270 1212 ’

104 1303 200 1380 cepto
229 1318 293 1365 uno
324 1299 462 1384 quodam
491 1322 566 1368 usus
593 1323 711 1386 genere
734 1339 773 1349 —
796 1304 829 1368 in
861 1321 901 1368 ea
926 1300 1056 1384 propria
1079 1297 1128 1360 vis
1150 1292 1232 1359 adeo

104 1393 264 1477 variatur,
293 1405 328 1464 nt
350 1397 496 1480 vixdum,
520 1421 581 1484 quo
603 1403 730 1468 uinculo
753 1400 900 1484 singulae
923 1399 1073 1464 notiones
1094 1395 1177 1459 inter
1199 1411 1234 1458 se

102 1491 170 1557 sint
191 1494 453 1579 coniungendae,
476 1499 655 1583 perspicere
676 1501 789 1579 liceat;
818 1496 942 1565 medius
966 1503 1016 1561 est
1039 1495 1124 1560 enim
1153 1486 1235 1572 μετά

104 1591 356 1675 praepositionis
384 1615 460 1662 usus
486 1599 570 1664 inter
591 1599 877 1683 simplicissimum,
907 1593 1019 1677 quiin
1044 1588 1078 1656 dv
1101 1609 1236 1676 praepo·

104 1687 223 1754 sitione
245 1689 382 1774 aliisque
405 1695 516 1777 paucis
531 1697 679 1777 cernitur,
702 1705 733 1763 et
753 1691 1026 1761 contentissimum
1052 1690 1144 1754 illum
1168 1686 1235 1765 dni,

104 1785 198 1862 aurci,
222 1787 360 1854 aliarum
383 1812 484 1857 usum.
522 1793 654 1859 Accedit
677 1793 772 1876 qnod,
796 1811 866 1856 cum
890 1788 1118 1861 eMommseni
1141 1806 1235 1869 quae·

103 1881 210 1948 stione
232 1883 316 1966 μετά
339 1907 408 1952 cum
432 1892 581 1972 genetivo
604 1891 805 1957 coniunctum
832 1889 962 1973 optima,
988 1906 1073 1969 quae
1095 1891 1236 1967 uocatur,

103 1981 281 2052 Atticorum
305 1993 412 2052 aetate
434 2009 498 2054 non
521 1990 626 2056 minos
640 2008 793 2073 regnasse
808 1993 932 2054 constet
954 1983 1045 2067 apud
1067 1983 1238 2067 scriptores

102 2097 221 2162 prosae
243 2083 397 2150 orationis
420 2105 514 2167 quam
537 2087 623 2172 apud
646 2095 758 2172 poetas
780 2093 877 2168 atque
899 2083 1153 2166 Xenophontem
1178 2079 1236 2146 σὺν

102 2176 219 2242 eadem
242 2179 274 2243 vi
298 2189 501 2265 usurpatum,
531 2193 616 2252 certe
644 2186 709 2250 iam
732 2184 863 2248 maximi
886 2180 1042 2246 momenti
1066 2187 1114 2246 est
1136 2179 1237 2263 inqui·

101 2293 191 2356 rere,
225 2297 302 2342 num
332 2282 411 2346 satis
440 2283 520 2346 mira
548 2281 629 2349 haec
651 2302 728 2348 usus
751 2278 934 2346 differentia
958 2279 1056 2343 etiam
1079 2278 1121 2342 ad
1144 2298 1237 2346 voca·

103 2375 182 2438 bula
205 2378 384 2459 composita
405 2379 603 2461 pertinuerit.

192 2471 271 2538 Oum
304 2481 412 2540 autem
448 2476 578 2561 longum
613 2475 761 2543 videatur
797 2473 1048 2559 praepositionis
1083 2471 1166 2554 μετά
1201 2477 1234 2546 in

103 2570 273 2636 vocabulis
304 2573 488 2657 compositis
518 2597 607 2644 usum
636 2575 798 2657 exemplis
829 2571 966 2657 probare
996 2592 1014 2638 e
1041 2578 1108 2637 tota
1136 2571 1232 2643 Grae·

102 2669 200 2732 citata
232 2669 374 2752 collatis,
413 2673 601 2760 plerumque
635 2675 709 2742 sola
744 2672 893 2756 exempla
925 2689 965 2738 ex
996 2669 1145 2754 Euripide
1178 2673 1231 2741 de·

102 2773 251 2850 prompta
273 2787 449 2854 apponam,
478 2791 539 2854 quo
565 2773 663 2840 simul
694 2778 729 2839 et
751 2769 829 2838 illud
855 2768 1026 2852 efficiatur,
1056 2775 1089 2834 ut
1117 2772 1229 2840 notitia

100 2863 272 2946 singularis
288 2867 390 2950 qualis
404 2869 487 2952 apud
510 2870 692 2955 scriptores
716 2870 808 2938 fuerit
830 2889 905 2936 usus
921 2868 1047 2934 dicendi
1063 2877 1224 2952 augeatur.

100 2961 270 3046 Euripides
298 2973 401 3032 autem
429 2965 502 3033 ideo
532 2971 679 3037 maxime
703 2968 835 3034 idoneos
857 2964 898 3031 ad
922 2967 1024 3049 ipsam
1054 2967 1135 3034 lanc
1158 2989 1224 3038 rem

99 3066 146 3124 est
168 3061 271 3144 risus,
302 3063 375 3147 quia
397 3065 465 3130 cius
488 3085 612 3150 sermo,
637 3066 783 3151 quamvis
805 3066 845 3131 sit
867 3063 1026 3148 poeticus,
1052 3074 1157 3134 tamen
1181 3070 1223 3136 ad

98 3177 223 3240 prosum
247 3160 421 3228 orationem
452 3182 491 3228 ac
522 3185 628 3249 paene
650 3165 844 3230 cotidianam
868 3162 998 3246 propius
1020 3164 1144 3231 accedit
1164 3167 1223 3234 itass

96 3275 156 3338 que
193 3256 277 3324 hanc
309 3279 435 3342 quoque
469 3261 708 3342 quodammodo
744 3281 783 3328 ex
818 3261 873 3324 illo
908 3277 1099 3340 cognoscere
1131 3263 1222 3346 licet3

97 3361 264 3436 practerea
286 3355 451 3442 Euripidis
473 3377 575 3440 genus
598 3357 725 3424 dicendi
749 3379 768 3424 a
791 3357 878 3424 nullo
901 3354 1005 3422 adhuc
1029 3364 1076 3424 est
1098 3363 1223 3442 perqui-

95 3451 187 3516 situm
218 3459 249 3518 et
278 3471 320 3518 ne
349 3455 478 3521 lexicon
508 3455 635 3536 quidem
665 3455 821 3522 habemus
848 3452 1064 3536 Euripideum.
1110 3457 1222 3542 ltaque

94 3547 229 3615 fortasse
252 3551 351 3618 etiam
376 3552 419 3618 ad
444 3551 599 3618 sermonis
625 3551 788 3637 Euripidei
811 3551 1023 3634 cognitionem
1047 3551 1105 3619 lrac
1128 3573 1222 3636 quae·

93 3645 196 3712 stione
217 3647 344 3732 aliquid
367 3650 445 3717 novi
466 3649 571 3716 afferri
593 3651 717 3734 poterit.

178 3743 375 3832 Priusquam
399 3753 504 3814 autem
527 3747 568 3814 ad
597 3749 699 3832 ipsam
726 3747 766 3814 de
788 3743 869 3828 perd
893 3747 1110 3830 quaestionem
1132 3767 1219 3816 acce·

94 3843 226 3924 dumus,
250 3849 413 3916 nonnulla
441 3843 677 3930 praemonenda
706 3851 780 3912 sunt
809 3843 848 3910 dc
879 3845 1026 3910 universa
1059 3847 1221 3930 praeposi-

95 3943 217 4010 tionum
249 3955 369 4014 natura
398 3962 569 4026 carumque
596 3962 665 4009 cum
694 3943 767 4010 aliis
789 3941 952 4008 vocabulis
981 3943 1220 4026 compositione.
