2948 4518
413 361 417 370 ’
485 375 518 431 de
535 374 737 445 praepositione
754 373 832 444 perd.
1163 377 1221 438 131

95 548 169 614 sitio
193 546 235 614 de
257 548 328 612 loco
350 547 512 629 intellegi,
541 546 599 612 sed
628 567 723 614 nomo
745 549 878 631 negabit
906 568 1052 629 causam,
1081 569 1137 615 cur
1159 571 1225 616 non

95 647 202 730 potius
232 645 275 711 de
296 651 440 728 tempore
461 644 519 710 illa
540 645 582 710 sit
604 645 841 729 intellegenda,
871 665 1000 730 prorsus
1025 647 1148 712 nullam
1171 667 1225 713 ex·

95 751 192 809 stare.
237 741 328 820 Quae
349 761 420 807 oum
448 741 495 807 ita
520 743 598 822 sint,
627 742 836 827 temporalem
865 742 1112 827 praepositionis
1140 742 1224 824 μετά

94 839 362 922 significationem
388 840 444 903 vix
466 858 595 922 prorsus
617 839 802 905 abiudicare
823 838 1013 906 audebimus
1035 859 1056 904 a
1078 842 1224 906 carmini-

95 939 154 1004 bus
177 937 371 1017 Homericis,
393 938 588 1019 praesertim
610 956 681 1002 cum
704 937 770 1002 alla
792 956 918 1020 quoque
940 936 1083 1002 eiusdem
1106 937 1224 1020 siguifi-

94 1035 232 1102 cationis
263 1033 403 1116 vestigia
435 1039 580 1114 exstent,
615 1034 657 1100 de
690 1033 805 1116 quibus
840 1033 924 1098 inira
959 1034 1020 1099 erit
1050 1035 1222 1118 agendum.

94 1133 272 1198 Atticorum
295 1133 483 1215 scriptorum
501 1135 609 1195 aetate
624 1149 695 1196 earn
711 1132 816 1213 ipsam
838 1130 1128 1212 frequentissimam
1151 1152 1223 1198 esse

93 1229 149 1294 vix
171 1233 231 1310 est,
254 1227 340 1310 quod
370 1245 630 1309 commemorem,
653 1228 809 1292 latissime
831 1237 937 1292 autem
961 1236 1076 1312 patens
1097 1231 1125 1294 is
1148 1249 1223 1294 usus

93 1325 183 1411 apud
204 1345 311 1391 rerum
334 1325 504 1408 scriptores
526 1324 695 1407 reperitur.

182 1424 251 1488 lam
284 1423 311 1488 si
345 1421 582 1486 meminerimus
610 1439 736 1502 eorum,
770 1441 853 1503 quas
885 1423 1089 1506 paragrapho
1117 1424 1223 1506 prima

94 1520 244 1603 exposita
265 1525 355 1600 sunt,
383 1524 520 1601 apparet
547 1517 694 1600 easdem,
724 1519 839 1600 quibus
868 1520 1138 1603 praepositionem
1164 1520 1223 1584 ali·

93 1637 190 1700 qnam
206 1636 277 1681 oum
294 1615 475 1680 nominibus
490 1615 692 1680 coniunctam
715 1615 894 1698 praeditam
911 1617 1100 1698 invenimus,
1124 1617 1222 1699 signi·

94 1713 259 1780 ficationes
282 1713 394 1794 etiam,
424 1713 479 1776 ubi
501 1711 609 1778 verbis
631 1712 775 1796 praelixa
796 1713 851 1794 sit,
875 1713 904 1778 ei
927 1713 1034 1780 inesse
1056 1719 1220 1797 oportere,

93 1831 131 1876 ac
154 1813 181 1877 si
204 1810 384 1876 accuratius
405 1808 593 1892 inspicimus
607 1809 767 1874 vocabula
781 1829 830 1888 ea,
855 1829 1024 1891 quaecum
1040 1809 1122 1890 μετά
1137 1830 1221 1875 oom-

94 1909 200 1992 posita
222 1913 306 1987 sunt,
328 1926 364 1973 re
378 1925 455 1972 vera
474 1925 585 1970 omnes
606 1907 690 1986 illas,
715 1905 756 1972 de
772 1907 886 1989 quibus
902 1927 1000 1991 supra
1022 1907 1220 1973 demonstra·

94 2019 160 2068 tum
183 2011 248 2084 est,
280 2003 530 2085 significationes
552 2004 729 2086 reperimus
751 2023 911 2087 unamque
938 2004 1070 2086 insuper
1092 2023 1218 2084 novam,

93 2103 134 2168 de
156 2121 222 2184 qua
250 2108 364 2184 postea
386 2101 518 2166 dicetur.
563 2101 736 2166 Possumus
757 2102 854 2183 ig'tur
875 2102 908 2166 in
931 2101 1106 2166 tractandis
1127 2121 1221 2166 voca·

92 2201 178 2265 bulis
200 2199 386 2282 compositis
408 2199 528 2281 optime
549 2199 637 2280 sequi
661 2197 833 2284 rectionem
862 2216 986 2278 eorum,
1016 2199 1135 2280 quippe
1157 2216 1221 2279 qua

93 2298 188 2362 simul
211 2297 310 2362 etiam
333 2297 420 2360 notio
443 2294 690 2378 praepositionis
713 2292 880 2373 indicetur,
904 2293 1012 2374 itaque
1027 2295 1151 2359 initium
1173 2295 1188 2357 i
1208 2332 1219 2343 ·

93 2395 213 2460 olemus
243 2393 285 2458 ab
314 2393 354 2458 iis
375 2392 507 2456 vocibus
529 2388 731 2472 compositis,
760 2389 875 2471 quibus
904 2389 1031 2455 dativus
1053 2392 1220 2476 appositus

93 2511 165 2558 esse
187 2491 279 2556 solet.

580 2721 667 2798 Car.
696 2725 725 2796 Ι.

91 2913 150 2976 DE
189 2907 431 2974 VOCABULIS
474 2905 563 2973 cust
606 2909 744 2970 ΜΕΤΑ
787 2902 1057 2984 COllPOSl'lIS,
1101 2903 1217 2982 QUAE

188 3003 373 3072 PROPRIA
399 3005 442 3069 VI
465 3002 811 3070 CONIUNGUNTUR
833 3000 922 3068 CUM
945 2999 1118 3067 DA'PlVO.

621 3175 691 3250 ss.

124 3323 176 3378 DE
192 3321 239 3376 ns
252 3321 393 3386 VERBIS,
412 3321 510 3390 QUAE
528 3319 652 3377 SOLUM
672 3315 840 3374 DATtvt'tt
859 3317 1011 3373 REGERE
1030 3317 1183 3372 SOLENT.

177 3439 367 3525 Significant
395 3441 475 3508 haec
497 3442 596 3508 verba
617 3439 794 3507 subiectum
818 3439 937 3504 versari
960 3437 1044 3503 inter
1068 3437 1161 3514 alios,
1185 3446 1217 3504 et

90 3559 288 3625 quamquam
310 3547 424 3622 postea
446 3540 507 3605 boc
524 3558 621 3604 sensu
643 3534 913 3621 praepositionem
928 3532 1011 3612 μετά
1027 3553 1098 3598 cum
1120 3553 1216 3616 gena·

89 3639 157 3702 tivo
180 3635 331 3718 coniungi
353 3635 458 3702 solere
479 3634 628 3716 vidimus,
652 3643 759 3700 umen
785 3650 940 3712 nusquam
965 3651 983 3696 e
1005 3629 1112 3694 verbis
1134 3649 1216 3694 com·

91 3733 204 3818 positis
232 3733 415 3814 genetivum
446 3733 491 3796 ita
520 3728 740 3814 accipiendum
770 3727 913 3812 pendere
934 3727 1130 3806 invenimus,
1158 3727 1215 3792 sed

91 3831 197 3916 potius
221 3849 259 3894 eo
281 3837 434 3912 tempore,
458 3849 520 3910 qno
543 3829 624 3894 sicut
646 3825 892 3910 praepositionis
915 3823 996 3902 μετά
1013 3841 1082 3886 cum
1107 3822 1215 3888 dativo

91 3927 290 4006 coniunctio,
320 3925 366 3991 ita
391 3926 471 3990 haec
495 3923 593 3990 verba
615 3922 792 4004 composita
814 3921 916 4002 magis
938 3919 1104 4000 magisque
1126 3921 1217 3986 obso-

977 4019 1012 4070 9*
