2948 4518
474 314 507 369 de
524 313 725 384 praepositione
741 313 819 385 μετά.
1158 312 1217 374 153

89 492 244 571 apparel:
275 511 290 552 ο
313 491 374 552 460
402 484 522 566 τὸμὲν
551 490 607 564 (sc.
630 484 823 572 κρήδεμνον)
854 483 888 562 ἒς
917 483 1070 566 ποταμὸν
1097 535 1104 550 .
1129 536 1136 551 .
1160 512 1218 569 με·

90 583 227 670 θέομεν,
251 587 289 648 A
312 587 351 650 48
373 581 457 663 μετὰ
479 575 513 648 δ’
540 581 590 647 ίὸν
613 581 720 667 ἕρκους
745 587 821 650 Eur.
846 585 923 650 Hec.
946 588 984 649 27
1012 582 1138 648 κτανὼν
1162 591 1217 663 (se.

90 680 160 764 ἐμὲ)
185 681 232 758 εἷς
255 675 348 764 οἶδμ’
373 677 452 758 ἆλὸς
467 673 603 766 μεθῆχ’;
626 680 679 747 Or.
700 685 782 745 1133
808 679 837 746 εί
859 679 918 762 μὲν
941 679 1003 765 γὰρ
1026 680 1059 759 ἒς
1081 692 1218 765 γυναῖκα

91 785 365 865 σωφρονεστέραν
394 777 491 864 ξίφος
518 782 697 860 μεθεῖμεν,
728 778 851 843 Phoen.
877 782 940 843 276
970 773 1046 862 φέρ’
1079 778 1113 858 ἐς
1142 803 1219 846 σκο·

90 875 200 954 τεινὰς
216 874 399 960 περιβολὰς
414 877 511 956 μεθῶ
531 876 641 959 ξίφος;
658 876 708 940 Ε1.
726 878 826 957 1223,
844 875 1014 959 Ιοο1039;
1031 877 1101 943 Hel.
1119 881 1218 960 13963

91 976 207 1043 Beeeh.
229 979 320 1057 1071,
347 978 445 1059 1265,
469 973 696 1056 legitur-etiam
720 972 839 1039 emisse
864 970 910 1048 εἷς
932 993 1003 1038 eum
1025 976 1217 1058 accusative,

91 1073 224 1140 notione
246 1071 394 1137 mittendi
416 1070 574 1136 subiecta:
597 1070 695 1152 Soph.
713 1067 800 1134 Phil.
819 1073 901 1137 1300
923 1067 967 1154 μὴ
984 1074 1091 1156 μείίῇς
1105 1071 1218 1156 βέλος,

90 1173 166 1236 Eur.
195 1170 294 1252 Hipp.
324 1171 385 1233 499
419 1160 492 1247 οὐχὶ
524 1164 716 1251 συγκλῄσας
751 1163 858 1245 στόμα
891 1165 947 1230 καί
979 1166 1024 1254 μὴ
1058 1169 1220 1256 μεθήσεις

91 1255 195 1343 αὖθις
218 1261 407 1347 αἰσχίστους
430 1261 564 1347 Myous,-
593 1264 631 1330 σί.
656 1264 706 1329 ΕΙ.
731 1265 794 1327 797
803 1286 812 1340 ;
842 1265 940 1348 Hipp.
967 1269 1047 1330 1202
1071 1259 1137 1350 ἢχοί

89 1360 194 1446 βαρύν
224 1362 349 1446 βρόμον
385 1363 527 1448 μεθῆκες
562 1362 621 1427 Ion
652 1365 714 1426 256
743 1358 839 1446 τάξας
874 1363 963 1446 (lyei.
993 1366 1053 1427 211
1085 1362 1217 1448 δάκρυα.

91 1460 220 1527 Deinde
240 1461 302 1527 hue
323 1460 475 1526 traxerim
490 1459 591 1525 verba
611 1464 894 1544 μεταστρέφω
918 1468 951 1527 el
971 1467 1219 1544 μετατρέπω

90 1559 130 1625 iis
152 1559 267 1624 saltem
289 1559 378 1638 lueis,
401 1557 456 1622 ubi
469 1558 609 1622 manime
623 1556 731 1622 medio
753 1576 872 1639 genere
894 1559 1000 1641 posim
1023 1560 1220 1642 respondent

91 1665 201 1721 nostro
229 1656 295 1719 niele
318 1657 405 1718 einer
427 1652 531 1717 Saule
562 1654 744 1726 τυωαυτίωτ,
774 1675 814 1716 ου
844 1665 912 1717 ete.
935 1654 1069 1728 leiren,
1100 1676 1165 1741 qua
1187 1659 1218 1724 vi

93 1774 133 1819 ex
156 1753 308 1835 analogia
328 1752 497 1818 verberum
521 1744 636 1832 ἀλέγω,
661 1750 837 1835 φροντίζω,
862 1753 1012 1817 similium
1029 1773 1099 1818 eum
1122 1775 1218 1838 gene-

90 1851 158 1916 tivo
189 1851 439 1934 coniunguntur:
468 1848 515 1914 sie
542 1846 645 1912 habes
672 1845 870 1930 μετατρέπω
895 1852 935 1912 Α
960 1854 1019 1916 160
1049 1852 1114 1913 τῶν
1144 1848 1217 1916 οὔτι

91 1945 282 2032 μετατρέπῃ
307 1941 379 2012 οὔδ’
404 1940 580 2029 &leffium
602 1947 712 2027 1630;
739 1947 780 2006 Μ
795 1948 876 2028 238;
899 1945 1117 2032 μεταστρὲφω
1140 1949 1214 2014 Eur.

92 2045 190 2128 Hipp.
210 2047 290 2108 1224
314 2042 348 2108 ai
372 2043 407 2108 δὲ
423 2043 553 2122 (ἵπποι)
577 2089 634 2105 ...
658 2046 717 2125 βίᾳ
739 2039 907 2124 φέρουσιν,
932 2041 1008 2111 οὔτε
1032 2042 1215 2130 ναυκλήρου

90 2140 188 2223 χερὸς
211 2134 292 2204 αὕθ’
326 2139 546 2223 ίττττοδέσμων
569 2135 644 2204 οὔτε
666 2139 833 2222 κολλητων
856 2135 940 2220 ὄχων
968 2139 1216 2226 μεταστρέφου-

92 2261 168 2322 σαι,
199 2239 290 2304 Dem.
313 2258 345 2320 p.
370 2241 449 2320 585,
476 2244 507 2302 11
544 2229 639 2302 οὐδὲν
670 2233 853 2319 φροντίζων
884 2233 960 2300 οὐδὲ
987 2237 1215 2322 μεταστρεφό-

90 2357 200 2418 μενος.
245 2337 357 2402 Restal
385 2355 482 2399 unum
505 2335 637 2400 verbum
667 2327 955 2414 μεταχειρίζω.
1001 2333 1094 2413 Quod
1116 2336 1215 2419 plane

91 2431 264 2516 singularis
287 2437 336 2498 est
357 2431 573 2515 formationis3
603 2450 676 2495 nam
700 2430 755 2494 vix
784 2430 849 2494 alia
879 2430 946 2496 eius
975 2434 1149 2516 explieatiu
1169 2434 1215 2497 in·

90 2530 193 2596 veniri
216 2529 349 2612 poterit,
373 2548 467 2611 quam
491 2547 590 2613 quae,
613 2526 718 2611 quoad
740 2527 852 2609 video,
875 2528 917 2592 ab
940 2530 1088 2596 omnibus
1109 2531 1215 2598 adhue

90 2628 229 2712 probata
258 2632 322 2706 est,
356 2633 391 2690 ut
417 2623 651 2707 μεταχειρίζειν
681 2624 799 2691 dietum
829 2625 870 2690 sil
902 2647 960 2709 pru
992 2625 1075 2708 μετὰ
1101 2636 1214 2708 χεῖρας

92 2723 197 2806 αἱρεῖν
220 2723 273 2788 vel
303 2723 399 2788 etiam
428 2721 512 2802 μετὰ
532 2721 643 2804 χερσίν
670 2722 752 2803 ἔχειν
782 2723 832 2798 (ef.
855 2722 928 2786 Pott
951 2725 988 2788 Ε.
1011 2725 1046 2789 F.
1072 2725 1114 2805 1²,
1137 2728 1212 2801 756)

91 2821 144 2886 vel
174 2819 258 2901 μετὰ
285 2821 396 2900 χερσὶν
425 2817 582 2898 ἑλέσθαι,
612 2819 697 2901 quod
720 2818 848 2902 quidem
871 2819 1073 2886 Homericum
1096 2828 1145 2887 est
1167 2826 1214 2898 (ut

91 2920 234 2998 0372),
269 2917 365 2982 simili
396 2917 667 3000 breviloquentia,
706 2935 800 2999 quam
828 2915 1009 2983 invenimus
1038 2919 1071 2984 in
1104 2924 1214 2984 nestro

92 3015 191 3080 verbo
213 3013 396 3077 hundlubeu
426 3022 458 3080 et
484 3015 518 3079 in
541 3015 823 3097 Frenuogallorum
849 3015 1019 3093 munier²²).
1063 3015 1214 3098 Legimus

91 3118 199 3178 autem
229 3111 289 3176 hoe
317 3111 449 3178 verbum
480 3111 568 3194 apud
590 3111 776 3196 Euripidem
805 3111 839 3176 in
866 3110 1045 3194 fragmento
1073 3113 1214 3178 inuentae

92 3210 223 3274 fabulae
246 3211 324 3289 901,
348 3209 365 3270 λ
391 3208 429 3274 σύ
453 3205 515 3292 γὰρ
539 3205 574 3272 ἓν
596 3231 632 3273 τε
656 3215 750 3285 θεοῖς
772 3203 962 3290 οὐρανίδαις
985 3211 1152 3295 σκῆπτρον
1175 3207 1214 3271 τὸ

91 3301 177 3382 Διὸς
198 3303 430 3387 μεταχειρίζων
450 3301 599 3386 χθονίων
621 3298 662 3368 θ’
685 3299 785 3390 (Ἀίδῃ
808 3309 953 3386 μετέχεις
976 3299 1097 3390 ἀρχῆς,
1125 3323 1218 3388 prae·

92 3415 182 3470 terea
225 3402 355 3484 saepius
397 3401 484 3486 apud
521 3403 691 3487 scriptores
733 3423 850 3487 prusae
886 3403 1044 3470 orationis
1080 3400 1222 3468 maxime

161 3587 195 3652 ¹¹)
213 3585 255 3640 De
272 3583 356 3640 uerbo
374 3583 498 3652 ρειρίζω,
524 3585 567 3639 cui
591 3585 896 3654 praenetensium,
920 3587 964 3641 vix
983 3585 1132 3656 quisquam
1150 3579 1223 3648 eogi-

91 3665 177 3732 mbit,
204 3679 267 3720 nen
293 3664 346 3720 hoe
370 3664 475 3720 demum
497 3665 632 3720 invenltnr
654 3667 737 3722 multe
764 3664 915 3736 postulone
938 3674 1081 3736 tempore,
1109 3660 1224 3718 maxime

92 3745 167 3816 apud
184 3744 335 3814 Polybium,
353 3743 398 3814 qui
416 3745 569 3814 saepissime
587 3744 612 3800 ei
630 3745 681 3799 uim
699 3745 904 3801 administrandi
921 3747 1034 3811 tribuit3
1055 3757 1145 3814 neque
1164 3755 1226 3795 eum

93 3824 227 3882 adiectivo
246 3825 318 3894 qued
335 3831 378 3880 est
393 3831 566 3894 purulentos
583 3826 669 3880 artius
680 3825 806 3894 coniungi
824 3829 917 3896 potest
933 3825 1132 3896 μεταχττρνζω,
1153 3818 1226 3888 quod

93 3907 174 3962 etiam
192 3905 245 3962 hoe
264 3905 347 3962 multo
363 3905 521 3976 posterioris
540 3905 648 3976 uliginis
667 3921 726 3962 esse
744 3905 855 3962 videtur.
