2948 4518
263 352 324 413 126
356 331 360 340 ⁸
782 354 879 408 Funclr

261 529 355 596 cedat
376 530 460 596 inter
474 530 665 596 vocabulum
681 529 890 613 compositum
913 535 945 595 et
965 529 1053 594 aliud
1076 528 1248 612 quoddam.
1286 527 1386 592 Multo

260 635 368 694 autem
391 629 565 694 crebriores
588 633 662 693 sunt
684 625 769 692 aliae
787 647 882 693 voees
904 629 1108 712 compositae,
1132 647 1214 712 quae
1237 625 1386 692 diversae

261 735 335 792 sunt
356 747 377 792 a
398 725 505 792 verbis
527 746 566 791 ac
588 727 693 808 potius
715 725 859 809 proxime
881 725 1102 792 acceduntad
1124 725 1289 792 nominum
1314 743 1384 788 cum

260 824 333 890 aliis
349 824 517 891 clementis
528 824 782 890 coniunctionem
796 823 846 898 tol.
856 822 981 890 Curtius
994 825 1135 891 Gramm.
1148 826 1166 903 ἓ
1177 825 1238 888 359
1252 823 1347 886 dnm.
1358 825 1385 899 1)

259 923 369 1006 itaque
402 921 514 988 eodem
548 920 645 986 modo
676 930 773 1005 atque
800 922 866 988 alia
895 924 1026 988 nomina
1054 920 1231 1006 composita
1259 919 1294 985 in
1322 926 1386 984 tres

260 1021 380 1086 classes
403 1027 478 1086 sunt
496 1019 700 1100 dividendae,
723 1039 856 1102 quarum
880 1017 983 1103 prima
1005 1039 1045 1087 ea
1059 1017 1282 1103 complectitur
1304 1037 1386 1082 com-

260 1119 374 1202 posita,
398 1136 481 1201 quae
495 1124 650 1183 vocantur
665 1116 984 1184 determinativa
1006 1119 1132 1200 (quibus
1148 1113 1385 1200 quodammodo

260 1218 356 1284 etiam
378 1214 510 1281 nomina
523 1215 620 1282 modo
635 1223 771 1282 tractata
789 1215 993 1282 attribuenda
1008 1223 1103 1298 suno,
1127 1214 1280 1296 secunda,
1304 1231 1386 1295 quae

259 1315 528 1395 attributiva,
559 1313 661 1396 tertia,
685 1334 767 1397 quae
790 1314 1006 1381 obiectiva.
1050 1313 1191 1392 Quorum
1214 1331 1298 1394 quae
1322 1310 1386 1376 sint

259 1410 342 1477 inter
363 1430 398 1477 se
421 1410 630 1491 differentiae,
653 1431 724 1476 oum
748 1413 826 1478 satis
847 1421 957 1478 notum
980 1412 1031 1494 sit,
1054 1411 1107 1477 hie
1129 1431 1170 1478 ex
1192 1429 1386 1493 unaquaque

259 1510 363 1575 classe
396 1527 500 1590 pauca
533 1509 683 1593 exempla
714 1509 829 1575 afferre
861 1510 940 1576 satis
975 1509 1097 1593 habe03
1138 1508 1386 1576 determinativa

259 1616 350 1674 sunt:
374 1601 625 1690 ἀμφιθέατρον,
650 1603 844 1684 σύνδουλος,
868 1604 1039 1689 ούγκαοις,
1064 1604 1237 1691 ουμφογάς
1261 1607 1312 1685 (cI.
1336 1627 1387 1672 su·

259 1715 340 1789 pra),
369 1699 550 1786 μεταίτιος,
575 1702 777 1784 μετάκοινος,
802 1702 967 1788 ἐπίλογος,
991 1702 1156 1787 πρόλογος
1183 1705 1233 1781 (cl.
1257 1711 1386 1789 supral3

259 1802 464 1869 attributiva:
488 1794 695 1886 ἀμφίάομος,
721 1796 998 1889 ἀμφιθάλοοοος,
1024 1798 1233 1895 ἀμφίθυρος,
1257 1803 1388 1887 ἕμφλοξ

259 1893 534 1978 („Feuerstein“)‚'
554 1899 716 1982 ἔμψυχος,
741 1897 914 1983 ἐπίκομος,
945 1900 1174 1984 ἒπιδίμοιρος,·
1206 1901 1383 1968 obiectiva:

259 1995 420 2076 ἀπαολος,
445 1995 613 2080 ἀπόγειος,
646 1991 843 2075 ἀπόάοολος,
875 1995 1036 2080 ἀπόθριξ,
1065 1998 1220 2080 ἔμπορος,
1247 1997 1384 2077 ἕνοικος,

260 2093 409 2180 ἔκδημος,
433 2089 599 2174 ἀντίθεος,
624 2094 818 2180 ἀπιβώμιος,
844 2095 1031 2182 ἐπιδήμιος.

715 2374 918 2382 ——--——.

784 2595 803 2673 ς
825 2595 854 2655 2.

330 2739 380 2794 on
398 2740 690 2797 rnmrosrnorvn
709 2745 809 2794 unm
829 2741 905 2798 cun
923 2741 1072 2797 casinus
1091 2740 1310 2798 conlusori.

343 2880 497 2948 Adverbii
519 2879 618 2961 μετά,
644 2883 729 2965 quod
752 2903 821 2948 cum
846 2883 1010 2949 Sanscrita
1032 2882 1132 2964 stirpe
1155 2903 1242 2944 sumu
1264 2902 1383 2966 cogna-

257 2989 323 3047 tum
353 3001 425 3046 esse
452 2981 586 3048 coniecit
610 2981 771 3066 Benleyus
800 2983 889 3057 (Lex.
919 3003 944 3044 z.
975 2979 1157 3044 Semoveda
1186 3001 1210 3044 s.
1240 3001 1270 3045 v.
1299 3004 1385 3056 smu;

258 3079 296 3144 el.
326 3080 360 3143 L.
391 3079 501 3162 Meyer
531 3080 570 3144 Κ.
601 3079 635 3144 Ζ.
666 3079 743 3144 VIII
775 3082 863 3160 138),
897 3078 1028 3144 Fickius
1061 3096 1137 3141 vcro
1167 3077 1247 3160 (Idg.
1278 3080 1384 3146 Wtb.³

258 3180 290 3261 Ι,
323 3181 394 3253 170)
423 3196 444 3240 a
472 3176 580 3243 radice
608 3179 658 3240 οιά
688 3177 884 3252 „tauschcn“
915 3173 1126 3242 derivandum
1160 3190 1231 3242 esse
1263 3186 1383 3259 censet,

258 3274 420 3342 notionem
444 3275 627 3358 primarium
643 3276 874 3342 communionis
889 3273 1053 3340 cuiusdam
1071 3292 1142 3339 esse
1157 3281 1294 3357 apparet
1311 3294 1383 3341 oum

259 3393 299 3441 ex
327 3374 398 3457 ipso
427 3373 520 3438 huius
543 3373 630 3441 vocis
664 3394 721 3438 usu
743 3374 989 3457 antiquissimo,'
1012 3377 1078 3436 tum
1102 3391 1119 3437 e
1142 3373 1383 3456 comparatione

259 3491 365 3537 eorum
389 3471 574 3553 verborum,
604 3492 701 3556 quae,
732 3473 801 3539 sive
830 3474 911 3536 hauc
935 3472 1002 3537 sive
1032 3469 1121 3534 illam
1153 3471 1381 3555 etymologiam

259 3570 447 3654 probamus,
471 3569 541 3634 sine
565 3569 660 3636 dubio
683 3583 819 3655 cognata
842 3577 915 3634 sunt
938 3567 1104 3648 habenda,
1128 3570 1216 3634 velut
1238 3567 1382 3634 Sansori·

257 3677 322 3733 tum
346 3665 459 3730 anitius
480 3687 575 3748 „una,
598 3668 748 3748 vicissim,
772 3667 954 3733 alternatim
964 3671 986 3747 ⁴¹,
1011 3666 1146 3728 milduno
1162 3666 1381 3746 „coniunctus

257 3766 420 3850 geminus3
449 3785 508 3848 par
530 3766 687 3848 (subst.t“‚
710 3765 766 3832 Zd.
789 3777 853 3850 ποι
875 3770 998 3848 „cum“‚
1022 3764 1117 3831 Goth.
1141 3763 1231 3841 mill,
1255 3763 1379 3830 Theod.

258 3865 341 3938 miti,
371 3864 452 3947 alia,
482 3883 565 3946 quae
588 3865 706 3948 ubique
733 3867 895 3932 notionem
922 3865 1022 3931 nostri
1051 3863 1149 3940 „mit“
1172 3861 1261 3926 vario
1283 3861 1378 3926 modo

258 3981 444 4028 conversam
461 3968 493 4026 et
508 3962 742 4045 quodammodo
758 3963 907 4030 inflexam
931 3963 1092 4032 exhibent.
1127 3961 1168 4025 Et
1182 3959 1324 4042 perbene
1340 3979 1380 4026 ex
