2948 4518
251 343 312 405 152
770 344 868 398 Funok

250 518 354 583 simile
375 517 515 597 videtur,
546 516 630 598 quod
653 515 833 599 suspicatus
855 522 903 580 est
925 515 1062 580 eroata
1085 515 1317 598 (Sitzungsber,
1340 515 1371 580 d.

249 615 379 680 Wiener
400 613 508 678 Aked.
529 616 617 677 1870.
655 611 824 677 Prin-hist.
850 611 895 676 01.
919 611 951 676 S.
973 615 1029 678 89:
1053 611 1090 678 oi.
1115 611 1241 677 Curtius
1258 611 1372 677 sript
1453 631 1454 640 ¹

249 732 281 794 p.
305 714 395 792 540),
428 711 513 775 hano
540 728 651 776 vooem
681 713 849 792 cognatam
878 728 949 775 esso
971 711 1070 776 verbo
1098 711 1131 774 in
1155 709 1260 775 Bekk.
1286 711 1370 774 Anu.

249 829 280 891 p.
298 812 359 872 414
382 807 500 872 tradito
525 799 700 883 άιτάλλεις·
725 800 941 887 άιτοιτέμττεις
965 817 996 872 et
1018 807 1074 872 alii
1096 807 1262 872 notissimo
1285 805 1371 888 quod

251 911 298 970 est
332 902 434 968 totto
469 903 683 981 (intransitive
715 903 790 968 Hes
822 903 929 986 theog.
964 907 1025 970 269
1063 902 1276 984 μεταχρόνιαι
1310 899 1370 986 γάρ

250 999 427 1079 sunone).
478 1001 568 1079 Quae
597 1002 623 1066 si
652 1002 698 1066 ita
731 1007 819 1081 sunt,
850 1002 979 1084 proprio
1007 1003 1097 1067 verbi
1126 1003 1175 1068 vis
1205 1008 1254 1067 est
1282 1020 1370 1078 ,rem

226 1098 389 1179 'aliquam
418 1098 584 1180 persequi,
618 1099 707 1164 einer
737 1097 839 1163 Saohe
868 1097 1093 1182 naohgehen“;
1128 1119 1221 1181 quam
1252 1099 1372 1182 optime

248 1195 282 1259 in
304 1197 391 1260 looos
413 1196 617 1278 soriptorum,
647 1196 786 1260 maxime
808 1195 1008 1278 Homericos,
1039 1196 1196 1293 quadrare
1224 1201 1371 1279 apparet.

249 1292 381 1374 Legitur
403 1293 488 1357 enim
511 1291 598 1375 apud
613 1292 786 1357 Homerum
810 1301 841 1357 et
863 1292 1009 1358 obsolute
1028 1293 1145 1358 dietum
1169 1298 1207 1370 (e.
1225 1313 1251 1358 o.
1275 1291 1371 1370 §378

251 1381 326 1452 ἀλλ’
358 1386 429 1468 ἐμοὶ
455 1383 491 1450 οὗ
523 1387 621 1470 φίλον
646 1387 714 1453 ἐστὶ
745 1390 949 1476 μεταλλῆσαι
979 1391 1034 1454 καὶ
1063 1387 1213 1472 ἐρέσθαι)
1245 1397 1277 1454 et
1301 1409 1370 1454 oum

248 1483 430 1550 aoousativo
460 1503 617 1567 personae
640 1505 736 1568 qnam
761 1488 831 1568 quis
854 1488 1029 1568 interrogat
1060 1492 1100 1563 (e.
1123 1507 1149 1551 o.
1180 1511 1206 1551 ιτ
1230 1491 1292 1552 287
1318 1482 1371 1551 ὅτε

249 1579 301 1645 κέν
325 1603 363 1645 σε
384 1581 613 1663 μεταλλῶσιν),
638 1589 669 1647 et
687 1603 758 1648 oum
781 1584 962 1648 aoousativo
978 1584 1030 1649 vel
1052 1604 1219 1666 personae,
1244 1583 1287 1650 de
1310 1605 1371 1667 qua

249 1678 319 1760 q'uis
342 1680 466 1759 quaerit
496 1684 535 1756 (θ.
559 1700 585 1745 e.
615 1683 647 1741 K
671 1684 730 1744 125
761 1676 818 1743 τόν
847 1678 905 1759 μὲν
930 1677 992 1763 έγιά
1015 1678 1161 1766 προέηκα
1190 1679 1371 1765 καλήμεναι

250 1772 305 1852 οὓς
336 1771 375 1838 σά
398 1777 583 1863 μεταλλᾷς),
617 1779 669 1844 vel
692 1779 738 1844 rei
769 1777 809 1842 de
843 1798 905 1860 qua
931 1780 1092 1860 quaeritur·
1122 1782 1162 1857 (e.
1194 1797 1219 1844 o.
1250 1782 1280 1842 E
1311 1783 1372 1845 516

248 1871 455 1957 μετάλλησάν
475 1898 510 1956 με
525 1873 582 1956 μὲν
601 1871 639 1938 οὕ
655 1879 708 1956 τι),
733 1881 765 1940 et
779 1895 850 1940 oum
866 1875 985 1958 duplici
1008 1877 1189 1942 accusativo
1211 1897 1371 1960 personae

250 1983 346 2054 atque
368 1972 414 2038 rei
437 1977 475 2048 (e.
500 1991 524 2037 o.
549 1997 567 2054 ι)
591 1976 652 2036 243
677 1966 696 2034 ὅ
717 1965 754 2052 μ’
781 1965 926 2052 άνείρεαι
947 1963 1006 2057 ἠδὲ
1027 1971 1220 2058 μεταλλᾷς),
1244 1982 1277 2039 et
1300 1995 1370 2040 oum

249 2069 409 2135 eoousatio
432 2069 484 2150 qui
509 2068 623 2133 dieitur
643 2068 802 2133 interioris
825 2068 940 2133 obieoti
972 2076 1002 2151 (γ
1024 2074 1085 2134 243
1116 2071 1172 2134 νῦν
1196 2063 1229 2134 δ’
1263 2069 1371 2136 ἐθέλω

249 2165 332 2242 ἐ’ττας
355 2161 436 2229 άλλο
466 2156 689 2250 μεταλλῆσαι).
736 2163 813 2230 Oum
837 2172 944 2230 autem
974 2167 1102 2250 proprie
1127 2168 1249 2233 nullam
1273 2170 1369 2235 aliam

249 2265 412 2330 notionem
442 2263 504 2329 nisi
533 2263 708 2328 aooedondi
738 2263 872 2344 habeat,
902 2271 1038 2346 apparet
1067 2265 1162 2331 etiam
1192 2266 1370 2348 simplioem

248 2363 311 2426 vim
336 2360 520 2444 alloquendi
536 2361 634 2427 verbo
657 2357 820 2440 μεταλλάν
840 2361 947 2429 inesse
968 2382 1071 2445 posse,
1095 2382 1191 2444 quam
1214 2363 1371 2430 habemus

247 2459 339 2523 Pind.
364 2457 414 2524 01.
439 2459 492 2538 VI,
520 2462 579 2522 106
604 2453 851 2541 ἀντεφθέγξατο
875 2456 909 2520 ‹i'
941 2455 1101 2540 ἀρτιεπὴς
1123 2466 1250 2540 πατρία
1275 2458 1369 2536 ὅσσα,

247 2551 450 2636 μετάλλασέν
473 2551 508 2616 τέ
530 2572 604 2632 μιν·
626 2550 726 2634 Ι’ορσο
749 2558 861 2616 τέκνον
884 2553 958 2626 κτέ,
981 2555 1053 2619 aliis
1076 2555 1164 2620 loeis.

334 2652 376 2715 II.
407 2650 475 2714 Iam
504 2649 546 2714 ad
575 2649 655 2714 haee
676 2651 777 2715 verbe
805 2650 900 2715 eundi
930 2652 1086 2716 aooedunt
1114 2653 1181 2717 alia
1208 2654 1250 2718 ab
1280 2655 1370 2719 initio

248 2749 312 2814 iam
340 2747 510 2814 transitiva
537 2747 688 2813 movendi
711 2748 742 2812 vi
772 2749 943 2830 instruota,
973 2768 1055 2830 quae
1078 2756 1185 2816 tomen
1208 2771 1247 2816 ex
1279 2762 1371 2835 parte

249 2845 377 2928 quidem
400 2845 473 2910 aliis
496 2865 622 2928 quoque
644 2846 736 2910 huius
753 2845 1037 2930 ⁴commentationis
1059 2847 1137 2912 loois
1158 2849 1211 2913 vel
1233 2856 1371 2916 tractatu

248 2950 322 3009 sunt
343 2940 396 3005 vel
427 2948 519 3008 erunt
548 2943 741 3009 tractanda.¹
773 2942 930 3008 Videntur
951 2950 1057 3008 autem
1084 2951 1212 3026 praeter
1240 2969 1370 3026 μετα-

248 3045 330 3120 ιτέμ
341 3063 367 3102 τι
378 3064 419 3114 ω,
445 3039 486 3104 de
501 3061 562 3122 quo
578 3040 641 3104 iam
658 3059 755 3122 supra
770 3040 830 3122 egi,
854 3040 934 3106 haoo
950 3041 1088 3108 maxime
1103 3043 1202 3107 verba
1224 3042 1284 3109 hoe
1301 3046 1370 3110 loeo

249 3156 320 3204 esse
352 3135 534 3201 afferenda:
576 3140 773 3218 μεθίημι,
809 3138 894 3218 quod
927 3139 1058 3203 verbum
1093 3140 1281 3222 praesertim
1316 3142 1368 3207 ubi

248 3235 449 3301 ooniunotum
480 3253 551 3297 oum
579 3234 817 3317 praepositione
848 3232 894 3311 εἰς
923 3235 1099 3318 invenitur,
1132 3237 1194 3301 huo
1223 3248 1369 3321 speetaro

317 3448 349 3510 21)
367 3446 557 3514 Antiquiorum
573 3445 780 3515 explicationem
794 3463 808 3502 e
825 3445 912 3516 μετά
930 3451 957 3500 et
974 3446 1076 3504 ἄλλος
1090 3452 1368 3518 vocemoompositam

247 3542 308 3582 esse
326 3526 495 3589 sumentium,
514 3541 675 3594 quamquam
694 3527 773 3583 etiarn
791 3526 897 3580 Pottius
916 3528 1041 3596 probavit
1058 3529 1199 3598 proposita
1216 3545 1282 3586 sone
1300 3545 1368 3586 nove

248 3606 471 3676 interpretatione
489 3605 552 3660 hac:
579 3603 653 3677 μετ1
682 3606 795 3660 ἄλλων
817 3604 1050 3676 ἒρεννᾶνλαλίἰε
1077 3605 1148 3677 μετ’
1177 3605 1258 3662 ἄλλα
1278 3610 1367 3680 ἔρευ-

248 3691 321 3747 νᾶν,
343 3688 377 3742 cf.
396 3687 429 3740 Ε.
448 3686 479 3740 tt.
499 3686 533 3750 1²,
553 3691 622 3752 tot),
640 3704 696 3742 non
713 3702 825 3756 possum
843 3703 898 3742 non
915 3688 1034 3757 ineptam
1050 3689 1181 3756 iudicare;
1200 3705 1263 3744 nam
1282 3707 1369 3760 neque

247 3768 321 3822 notio
349 3766 530 3836 quaerendi
563 3767 618 3821 ullo
652 3765 731 3821 modo
757 3765 797 3820 ita
824 3766 976 3836 explicatur
1002 3785 1102 3838 neque,
1137 3769 1201 3838 quid
1229 3771 1280 3827 sibi
1307 3773 1368 3828 velit

249 3845 362 3906 ἄλλος,
388 3847 517 3902 videmus.
551 3846 593 3902 De
618 3847 842 3916 percontandi
864 3849 945 3904 verbo
967 3849 1038 3906 falso
1060 3849 1184 3905 oPottIo
1210 3859 1367 3920 comparato

248 3926 427 3984 conferendus
447 3929 555 3984 Curtius
574 3927 654 3982 Grdz.
674 3945 700 3998 p.
720 3933 778 3984 698.
