2948 4518
477 363 509 418 de
525 359 728 433 praepositione
744 357 822 430 μετά.
1154 356 1213 419 125

89 534 248 602 exhibent
271 534 397 601 Gracco
417 536 516 602 verba
539 531 755 619 συρρήγνομι,
787 531 1000 615 οιψοράοοω,
1026 532 1213 619 συμφλέμιο,

90 632 226 714 similia,
257 631 467 698 confirmandi
488 639 614 700 autem:
644 629 881 717 συγγράφω,
911 632 1089 711 conscribo,
1120 654 1216 697 ccc-

90 735 385 812 οεκταίοομαι,
425 731 623 804 commoliar,
665 734 924 816 ovcvrpolror,
966 741 1115 801 contexo,
1149 730 1215 795 alia

90 829 230 900 mullei.

176 947 246 1012 Iam
269 953 383 1029 restat,
414 955 449 1013 ut
477 947 518 1014 de
540 947 704 1014 nominum
726 967 797 1013 cum
824 947 1113 1032 praepositionibus
1134 968 1218 1013 com·

93 1045 255 1130 positione
277 1047 435 1112 nonnulla
449 1065 618 1132 exponam,
643 1045 761 1129 quain
783 1066 819 1112 re
836 1046 974 1114 eundem
996 1045 1087 1111 illum
1102 1046 1218 1113 Schoe-

93 1161 246 1207 mannom
273 1161 404 1226 sequor,
435 1146 488 1228 qui
517 1145 538 1210 l.
561 1145 583 1209 l.
613 1165 644 1228 p.
670 1147 730 1208 140
760 1143 857 1209 etiam
886 1143 928 1210 de
955 1144 1007 1210 his
1034 1145 1219 1228 compositis

92 1239 213 1323 optimo
243 1240 318 1324 egit.
364 1241 495 1308 Praeter
521 1242 653 1308 nomina
680 1241 828 1308 acerbis
851 1241 1035 1325 compositis
1063 1240 1218 1324 derivata,

93 1357 229 1420 quorum
257 1356 410 1406 numerus
431 1339 510 1406 satis
531 1358 668 1422 magnus
691 1344 754 1419 est,
786 1339 940 1405 facillima
960 1339 1125 1405 intellectu
1147 1347 1221 1406 sunt

93 1455 133 1502 ca
147 1434 283 1501 nomina
296 1438 485 1520 composita,
507 1436 671 1519 inquibus
694 1437 850 1521 posterior
864 1457 941 1522 pars
958 1457 1076 1504 nomen
1093 1440 1220 1522 agentis

92 1551 151 1598 eeu
173 1533 310 1600 actionis
333 1541 396 1616 est,
425 1534 545 1601 scilicet
568 1534 664 1618 plane
686 1533 800 1602 eodem
823 1535 919 1601 modo
941 1535 1135 1618 explicanda
1158 1556 1220 1618 quo

92 1630 194 1696 verba
216 1633 394 1715 composita
423 1629 605 1718 συμφοράς,
635 1631 824 1717 σονοαέτης,
851 1627 1031 1714 μεταίτιος,
1055 1630 1221 1716 πρόλογος

92 1727 325 1808 (,Vorwort“),
360 1726 531 1816 ἐπίλογος,
564 1731 647 1814 alia,
679 1729 739 1795 secl
767 1731 823 1796 vix
855 1731 1037 1814 putaverim
1069 1749 1221 1813 magnum

93 1847 203 1892 eorum
231 1845 399 1894 numerum
426 1827 556 1912 congeri
584 1847 692 1911 posse,
727 1847 798 1894 cum
826 1828 924 1910 longe
950 1827 1089 1912 plurima
1114 1827 1222 1893 huius-

94 1924 182 1990 modi
198 1924 358 1989 vocebula
372 1926 472 1991 multo
495 1926 602 2010 aptius
616 1946 637 1992 a
651 1924 757 1993 verbis
780 1925 843 1991 iam
859 1926 1044 2010 compositis
1066 1925 1222 2009 originem

95 2021 229 2088 duxisse
250 2027 411 2106 putentur,
433 2030 468 2090 ut
484 2021 669 2110 μεταφορὰ,
693 2021 926 2106 ουμπράπτωρ.
964 2023 1078 2089 Paullo
1093 2023 1222 2107 saepius

94 2119 303 2185 inveniuntur
317 2139 422 2203 voces,
445 2122 609 2204 inquibus
631 2121 885 2208 praepositiones
905 2122 937 2186 vi
959 2141 1089 2205 prorsus
1111 2121 1223 2187 adver·

95 2217 175 2282 biali
205 2223 380 2302 usurpatae
408 2224 497 2302 sunt,
528 2239 546 2286 e
575 2219 689 2304 quibus
717 2226 844 2302 practer
875 2237 930 2298 ea,
960 2237 1043 2301 quae
1064 2240 1085 2284 a
1107 2218 1223 2286 Schoe-

96 2333 218 2380 manno
233 2315 335 2381 allata
349 2323 423 2383 sunt
438 2315 587 2401 exemplo
602 2309 783 2392 ὖπὸδοσος,
798 2309 1001 2398 ὑπέρυθρος,
1018 2313 1221 2399 ὑπόγροπος,

97 2408 298 2492 ὑπέρδασυς,
322 2409 518 2496 ὖπερμέγος,
544 2409 976 2496 Lat.a1truber,sutot9er,
1002 2433 1222 2497 μνοοοιοροοο,

96 2510 298 2596 praetorque,
322 2530 426 2595 pauca
447 2513 577 2596 insuper
590 2532 730 2596 appono,
754 2510 905 2596 quoniam
927 2531 969 2579 ne
991 2513 1073 2579 tales
1095 2512 1224 2596 quidem

96 2627 194 2675 voees
221 2628 321 2692 saepe
354 2607 518 2692 leguntur:
552 2607 715 2688 ἒπίδοοος
749 2611 973 2690 l,annahernd
999 2611 1113 2688 rauh“)
1150 2608 1224 2675 ἐπί·
1287 2670 1291 2680 ,

97 2707 228 2783 istaec,
270 2704 545 2791 ἒπιοτρόγγολος,·
582 2706 779 2786 κατάλεοκος
813 2709 895 2787 (,bis
927 2709 983 2774 aui
1014 2707 1076 2775 den
1112 2707 1225 2774 Grund

98 2805 238 2882 weise“),
266 2801 513 2886 κατάλομπρος,
537 2801 760 2888 surdissime,-
788 2810 998 2887 περίμεστος,
1021 2802 1223 2889 περιμαθὴς,

98 2899 278 2984 περίκακος
310 2901 452 2986 (proprie
491 2902 565 2986 ,qui
604 2901 646 2967 ab
679 2903 766 2967 omni
805 2909 896 2987 parte
930 2904 1062 2987 plenus,
1102 2903 1224 2985 doctus,

98 3001 204 3067 malus
226 3003 326 3078 cast),
354 2996 544 3080 διάπικρος,
569 2998 739 3084 διάξηρος,
772 2997 964 3081 διάμεστος,
996 2999 1225 3082 διαποίκιλος,-

99 3100 291 3176 haereres,
322 3114 406 3178 quae
428 3097 543 3180 partim
567 3099 742 3182 posteriore
765 3097 891 3165 demum
914 3105 1057 3184 tempore
1078 3099 1110 3164 in
1134 3119 1227 3166 usum

98 3202 269 3276 venerunt,
291 3193 528 3276 quodammodo
544 3196 666 3263 similes
683 3203 758 3262 sunt
779 3197 872 3262 alteri
895 3197 944 3262 illi
959 3198 1128 3266 verborum
1143 3215 1227 3262 com·

98 3293 277 3380 positorum
310 3291 406 3358 classi
439 3291 606 3376 subtiliori,
641 3295 717 3378 qnia
749 3295 783 3359 in
812 3294 953 3378 utrisque
981 3295 1069 3362 notio
1102 3301 1227 3360 lantum

98 3393 202 3478 ipsios
224 3389 317 3458 verbi
345 3387 494 3458 delinitur
521 3392 778 3477 praepositione,
808 3413 871 3458 non
901 3394 998 3476 ratio,
1028 3409 1110 3475 qrrse
1132 3390 1228 3459 inler-

101 3559 308 3572 ...μ-..-

173 3657 193 3722 3)
210 3655 333 3712 Adiciam
350 3657 403 3712 hoc
421 3657 490 3726 loco,
508 3657 754 3728 inGmeceIIngua
767 3657 919 3729 composita
937 3672 977 3724 aa,
996 3669 1110 3726 qnorum
1128 3655 1169 3710 vel
1187 3655 1228 3712 in·

102 3737 222 3806 gressira
239 3735 280 3790 ccl
298 3737 421 3792 effectiva
437 3746 479 3793 est
496 3737 672 3810 significatio,
693 3739 753 3795 ideo
771 3737 864 3809 paullo
882 3737 987 3794 rariora
1011 3751 1070 3792 esse
1095 3751 1176 3806 quam
1201 3737 1230 3794 in

103 3817 163 3872 aliis
183 3815 344 3886 quibusdam
362 3817 467 3888 linguis,
486 3819 612 3888 quonism
633 3819 703 3875 idem
721 3819 787 3888 iere,
805 3817 879 3887 osred
897 3818 1053 3888 composito,
1072 3815 1230 3888 plerumque

103 3895 220 3966 simplici
246 3897 347 3954 aorlsto
380 3899 454 3954 clare
480 3897 597 3956 indicari
627 3901 733 3970 potcst3
767 3899 802 3954 ci.
830 3899 940 3954 Canius
969 3897 1106 3960 „Erlltut‘
1133 3897 1174 3952 ed.
1203 3897 1230 3954 ll

105 3995 130 4049 p.
153 3981 267 4046 litrqq.
