2948 4518
246 367 307 429 136
392 331 400 339 ·
764 368 862 422 Funck

244 547 274 606 P
293 544 355 608 539
377 542 437 627 κῆρ
461 537 556 620 ἄχεος
579 541 742 622 μεθέηκα,
774 560 836 622 qno
860 559 931 605 oum
954 540 1024 605 loeo
1048 539 1193 605 conferas
1216 538 1293 602 Eur.
1320 537 1380 604 Or.

248 645 324 706 1671
351 639 493 720 μεθίημ’
522 633 695 720 Ἑρμιόνην
724 629 794 700 ἀπὸ
819 639 959 723 σφαγῆς.
1003 637 1102 702 Porro
1124 642 1233 700 autem
1257 633 1378 700 eodem

245 736 340 802 modo
365 755 427 819 quo
449 755 508 802 nos
530 734 664 800 dicimus
680 756 706 798 o.
724 745 790 797 etw.
808 735 966 809 loslnssea,
989 737 1132 818 μεθίημι
1146 732 1280 798 verbum
1304 751 1379 797 sae·

246 835 377 919 pissime
398 852 467 900 eum
497 833 647 914 genetivo
670 831 805 897 ablativi
826 830 966 898 'munere
994 831 1147 914 fungente
1170 829 1382 911 coniungitur·

245 933 317 1015 ipsa
339 932 397 996 illa
419 929 579 996 sententia
600 930 804 1008 instructum,
835 929 923 995 velut
944 932 988 992 M
1008 932 1070 993 469
1099 932 1132 990 τί
1161 919 1192 990 τ’
1219 921 1275 1005 ἄρ)
1308 914 1378 990 ὧδε

246 1032 382 1109 μεθίετε
405 1025 566 1106 θούριδος
590 1021 708 1111 dimit?
738 1031 773 1088 Ν
796 1030 871 1109 1163
901 1025 987 1110 apud
1010 1024 1196 1109 Euripidem
1226 1023 1380 1105 aliosque

246 1124 431 1210 posterioris
460 1123 575 1187 aetatis
598 1123 769 1206 scriptores
792 1124 887 1188 etiarn
911 1123 1017 1188 medio
1046 1141 1164 1204 genere
1190 1121 1377 1198 adhibetur,

246 1229 280 1287 ui
302 1221 399 1304 Hipp.
423 1222 484 1284 326
507 1221 559 1283 aori
585 1219 651 1282 σῶν
673 1242 709 1301 γε
731 1217 878 1302 γονάτων
901 1215 939 1282 οὔ
962 1217 1158 1298 μεθήσομαί
1180 1239 1282 1300 ποτε;
1312 1217 1378 1282 He-

246 1320 416 1398 ι·εε1.266;
439 1317 516 1382 Heo.
541 1321 619 1399 4003
644 1317 719 1381 Her.
743 1317 764 1382 f.
787 1320 858 1382 627.
905 1317 1092 1383 Derivatnm
1115 1321 1222 1380 autem
1247 1316 1379 1379 abbae

246 1415 346 1496 stirpe
375 1411 567 1478 adieetivum
597 1421 647 1478 est
674 1413 838 1498 μεθήμων
867 1414 1080 1498 „neglegans,
1110 1411 1257 1491 sehlaff“,
1288 1411 1377 1493 quod

246 1513 348 1578 habes
364 1511 510 1576 absolute
526 1510 663 1593 positum
686 1513 717 1572 Β
733 1513 811 1588 241;
836 1509 854 1587 ζ
868 1515 918 1590 25,
941 1512 1090 1593 genetivo
1107 1507 1205 1593 λύρης
1219 1508 1379 1574 adiuncto

245 1611 278 1675 in
302 1611 595 1675 Anacreonteorum
619 1607 760 1672 carmine
787 1613 837 1687 57,
864 1612 911 1671 17.
957 1607 1196 1672 substantivum
1220 1609 1376 1689 μεθημο-

247 1704 325 1790 σύνη
349 1706 463 1788 legitur
486 1710 521 1767 N
545 1707 619 1786 108,
645 1707 720 1786 1213
750 1710 893 1768 extrema
915 1704 1098 1770 Graecitate
1125 1703 1288 1768 invenitur
1316 1707 1378 1783 μέ-

118 1839 125 1864 ν
245 1808 353 1880 θεσις.

332 1899 512 1982 Singularis
542 1905 590 1962 est
615 1897 704 1962 verbi
734 1898 889 1977 μεθελεῖν
919 1919 1010 1980 usus,
1041 1897 1124 1980 quod
1154 1916 1217 1962 uno
1248 1903 1376 1961 tantum

247 2001 317 2063 loeo
340 2003 446 2064 exstat
461 1993 631 2059 Homerioo
646 1997 673 2055 θ
689 1996 750 2057 376
774 1987 842 2056 ὁδ’
868 1992 938 2058 ἀπὸ
960 1994 1084 2075 χθονὸς
1105 1987 1211 2072 imoo'
1238 1986 1377 2076 ἀερθεὶς

248 2094 383 2180 ῥηϊδίως
411 2089 591 2174 μεθέλεσκε
621 2094 674 2167 (εε.
706 2095 866 2174 σφαῖραν)
895 2093 937 2158 de
966 2093 1034 2176 pila
1063 2075 1255 2175 excipienda
1283 2112 1377 2157 usur-

247 2195 375 2276 patum3
399 2186 556 2272 signifieat
578 2188 663 2252 enim
678 2187 894 2271 ,suffangen“
917 2195 949 2255 et
964 2189 1089 2255 videtur
1112 2187 1226 2254 eadem
1249 2190 1377 2254 ratione

247 2308 310 2370 qua
332 2287 481 2352 Latinum
512 2287 701 2368 intercipere
731 2285 959 2368 explic-andum
988 2306 1075 2366 esse,
1105 2285 1152 2351 ita
1180 2285 1312 2367 quidem
1342 2294 1376 2351 nt

246 2393 343 2469 poeta
364 2385 464 2468 pilam
486 2385 594 2448 inter
616 2382 720 2465 ipsum
743 2382 886 2448 volatum
910 2385 982 2467 oapi
1004 2384 1110 2450 iaoiat.

774 2619 846 2698 §a

247 2769 299 2824 Du
330 2766 463 2823 VERBIS
497 2765 573 2822 CUM
603 2770 704 2817 ΜΕΤΑ
740 2765 967 2832 composluls,
1003 2767 1102 2836 QUAE
1136 2768 1213 2824 NON
1249 2770 1376 2826 SOLUM

305 2853 381 2909 CUM
399 2851 537 2906 DATIVO
556 2850 626 2906 SED
644 2850 872 2905 Puauumaua
889 2851 1012 2907 ΕΤΙΑΜ
1031 2851 1107 2908 CUM
1126 2852 1319 2910 euuuulvu

662 2934 961 2993 uouluueuuuua.

334 3055 503 3135 Quaeritur
525 3063 600 3122 ante
623 3059 745 3138 omnia,
777 3057 935 3139 quomodo
958 3059 1143 3141 genetivum
1166 3058 1377 3141 explicemus

249 3155 365 3221 etiam
394 3153 446 3218 hio
475 3154 659 3236 apparebit,
690 3173 784 3236 quam
814 3161 900 3220 reete
929 3176 1026 3239 snpra
1055 3155 1254 3221 doouerimus
1282 3177 1378 3222 oasus

248 3252 355 3319 verbis
382 3250 568 3332 compositis
602 3250 730 3317 additos
766 3270 871 3335 neque
904 3251 926 3319 ε’
955 3252 1193 3335 praepositione
1220 3273 1327 3337 neque
1360 3275 1378 3321 e

248 3351 356 3432 verbo,
380 3347 437 3415 sed
460 3365 501 3414 ex
522 3347 595 3431 ipsa
617 3349 749 3414 notione
764 3350 854 3414 verbi
871 3349 1038 3433 compositi
1061 3349 1270 3432 explicandos
1293 3371 1376 3424 esse.

248 3447 332 3512 Nam
362 3447 389 3512 si
412 3444 581 3528 genetivus
610 3463 637 3510 ε.
661 3465 687 3510 ε.
719 3447 751 3510 in
780 3449 925 3524 μετέχειν
947 3443 1037 3520 τινός
1065 3447 1261 3526 ponderate
1284 3469 1377 3533 prae·

249 3543 417 3628 positione,
449 3559 489 3605 ex
511 3542 663 3625 analogia
692 3540 938 3626 praepositionis
960 3541 1102 3624 alioquin
1125 3563 1196 3609 oum
1224 3549 1377 3627 genetivo

249 3641 438 3706 ooninnetae
454 3645 639 3719 sequeretur
661 3640 746 3704 huno
767 3639 952 3720 genetivum
967 3647 1113 3723 speetare
1128 3641 1170 3706 ad
1193 3659 1375 3725 personam,

249 3755 384 3818 quaeum
400 3735 470 3819 quis
492 3736 634 3817 aliquam
649 3757 715 3802 rem
736 3734 924 3819 possideret,
947 3757 1012 3802 non
1033 3738 1075 3804 ad
1091 3758 1168 3818 rem,
1192 3737 1281 3803 onius
1304 3761 1376 3824 par·

247 3834 349 3917 tioeps
372 3839 474 3916 esset3
498 3851 602 3915 neque
624 3851 700 3898 vero
723 3851 849 3915 semper
872 3836 1008 3900 everto
1031 3835 1167 3918 simplici
1189 3838 1375 3918 genetivum

248 3931 407 3998 adieotum
431 3931 584 4014 explicari
608 3950 705 4014 posse
730 3931 913 4012 exemplum
940 3932 1137 4000 demonstrat
1158 3932 1248 3998 verbi
1276 3939 1376 4014 μέτ-
