2948 4518
249 343 307 402 162
766 344 864 398 Funck

247 516 426 580 invenimus
451 516 533 577 hane
558 535 667 578 vocem
691 516 753 578 iam
777 514 809 578 in
835 515 952 596 hymno
975 515 1009 578 15
1025 514 1130 578 Cerer.
1147 514 1207 577 205
1224 513 1369 579 adverbii

245 614 331 690 loco,
369 613 421 694 551
458 612 541 676 idem
581 619 628 676 est
665 633 740 678 usus
775 611 926 694 Aeschyli
958 613 1044 676 Pers.
1079 615 1158 691 2073
1196 613 1256 692 Ag.
1292 616 1370 685 4253

245 707 322 772 ouo.
353 713 430 792 5163
465 710 561 790 Soph.
592 710 674 773 Phil.
706 713 803 791 11333
838 709 952 772 Trach.
985 713 1061 791 7103
1096 707 1205 771 dativo
1236 709 1369 790 pluralis

245 807 341 869 utitur
365 806 543 888 Aeschylus
563 807 650 889 Sept.
668 811 726 871 581
752 813 777 880 l„
786 806 966 888 5551551511.
1003 806 1167 869 Accedunt
1188 810 1369 886 μεθὲορ-

243 926 329 978 τος,
370 903 454 984 quod
495 910 543 966 est
583 903 773 967 obiectivum
815 902 1129 984 compositrrm-(„id
1170 901 1256 984 quod
1298 909 1370 984 post

244 1001 359 1064 festum
383 1005 480 1074 est“),
511 1000 595 1080 quod
617 1001 733 1081 legitur
756 1001 839 1063 Plut.
862 1019 940 1062 mor.
970 1021 1000 1082 p.
1028 1003 1154 1080 rosch,
1178 1000 1251 1064 aliis
1274 999 1368 1076 locis;

242 1094 490 1176 μετόπωρον
519 1098 538 1160 i.
563 1117 590 1161 e.
615 1091 632 1157 ό
655 1095 738 1175 μετὰ
761 1095 817 1179 τὴν
845 1089 981 1178 όπώραν
1004 1095 1137 1175 χρόνος,
1169 1097 1254 1178 quod
1278 1117 1369 1161 voca-

244 1193 352 1255 bulum
382 1192 517 1275 primum
548 1194 700 1258 traditum
725 1201 773 1258 est
795 1195 895 1258 ’1555
920 1195 995 1274 Vll,
1022 1198 1076 1275 79,
1107 1194 1165 1259 sed
1187 1196 1250 1258 iam
1273 1201 1369 1258 55155

243 1290 276 1352 15
303 1309 361 1353 555
388 1290 485 1354 151555
507 1292 660 1373 probatur
682 1283 840 1355 adiectivo
863 1288 1168 1370 μετοπωρινός,
1197 1290 1367 1372 quodiam

243 1387 329 1468 apud
353 1386 527 1450 Hesiodum
552 1390 626 1469 Erg.
651 1394 712 1451 415
742 1390 857 1467 legitur
886 1387 1029 1452 adverbii
1060 1397 1191 1454 munere
1221 1388 1367 1469 iungens.

245 1483 317 1548 Alia
339 1482 432 1546 huius
455 1483 540 1546 modi
564 1485 723 1548 vocabula
745 1486 838 1548 affert
861 1485 984 1555 Pettius
1009 1487 1042 1548 h.
1067 1487 1103 1550 F.
1126 1486 1168 1566 12,
1187 1491 1258 1548 757.
1306 1483 1368 1548 Ad-

243 1579 354 1644 verhia
377 1587 499 1662 autem,
529 1602 611 1663 quae
640 1583 701 1646 huc
730 1582 889 1664 pertinere
912 1581 1075 1661 videntur,
1105 1582 1262 1646 habemus
1291 1580 1368 1645 55115

242 1678 390 1758 5511555;
425 1683 652 1755 μετέπειτα
681 1677 922 1754 „hinterdrein“
955 1677 986 1745 Ξ
1013 1682 1091 1757 310,
1125 1682 1244 1757 asro,
1273 1679 1367 1759 alibi;

242 1772 510 1854 μετόπισθεν
533 1781 570 1837 Α
590 1779 648 1852 ,82;
673 1775 855 1855 μετόπιν
879 1776 975 1858 Soph.
1000 1777 1081 1839 Phil.
1109 1779 1199 1840 1189.

243 2064 393 2128 Phocis
416 2061 712 2126 hs'rnlnelross
734 2062 979 2127 TRACTATIO
1004 2065 1059 2128 ET
1083 2061 1367 2128 ABSOLVITUR.

765 2218 836 2295 §a

327 2352 394 2414 lam
428 2352 454 2415 si
489 2358 587 2414 totam
623 2351 847 2415 vocabulorum
881 2371 950 2415 oum
986 2349 1068 2431 μετά
1101 2351 1365 2432 compositionem
1460 2433 1461 2440 ρ

241 2449 442 2530 respicimus,
478 2447 613 2529 primum
648 2448 708 2512 hoc
740 2447 1021 2529 animadvertitur,
1060 2467 1098 2512 55
1131 2448 1247 2530 rerba,
1286 2469 1368 2531 quae

241 2546 345 2628 priore
361 2545 466 2626 555115
488 2549 624 2607 tractata
645 2544 806 2626 propriam
829 2545 974 2610 adverbii
996 2545 1261 2627 significationem
1285 2567 1367 2628 quac

243 2650 291 2708 cst
313 2643 390 2719 „mit
398 2689 405 2720 ‚
429 2645 552 2720 untcr“‚
581 2641 721 2704 maxime
749 2641 949 2722 perspicuam
973 2641 1141 2723 exhibent,
1169 2643 1367 2708 omniafere

242 2742 304 2805 iam
328 2740 406 2804 55115
428 2737 560 2820 5511555
582 2743 725 2820 tempore
747 2738 883 2802 formata
900 2745 931 2802 51
953 2739 1128 2820 posteriore
1142 2745 1286 2820 ternpore
1301 2761 1366 2805 555
1459 2737 1460 2746 ’

242 2839 287 2902 115
310 2837 418 2901 multis
441 2837 533 2900 novis
555 2843 649 2899 55515
670 2855 750 2901 5555.
788 2836 927 2899 Maxime
950 2855 989 2899 55
1007 2837 1114 2918 verba,
1138 2857 1220 2918 quae
1235 2837 1366 2902 Homeri

242 2941 349 2998 aetate
364 2955 435 2998 cum
458 2935 526 2998 solo
543 2933 652 2998 dativo
671 2941 734 2997 tam
758 2953 856 3015 saepe
870 2934 1051 3014 iunguntur,
1075 2940 1187 3016 postca
1202 2955 1365 3016 uunquam
1458 3005 1459 3020 ρ

242 3034 309 3096 fere
342 3031 555 3109 inveniuntur,
590 3030 715 3110 itaque,
748 3050 817 3094 cum
852 3050 891 3095 55
924 3031 995 3112 1555
1027 3032 1097 3094 5515
1129 3031 1366 3112 quodammodo

241 3129 348 3194 verbis
376 3148 446 3192 cum
479 3125 537 3190 σύν
565 3126 748 3209 compositis
777 3128 895 3190 similia
922 3127 1001 3205 sint,
1031 3129 1128 3192 talem
1151 3147 1226 3194 usus
1249 3127 1367 3194 diserc-

241 3227 400 3310 pantiam,
429 3225 555 3306 qualem
585 3225 668 3288 inter
697 3223 852 3288 adverbia
879 3223 962 3304 μετά
990 3233 1022 3288 51
1050 3223 1108 3287 σύν
1138 3245 1208 3290 cum
1238 3227 1367 3292 casibus

242 3325 411 3389 coniuncta
443 3321 550 3385 Attica
590 3327 696 3385 551515
734 3320 894 3386 exstitisse
928 3321 1033 3384 docuit
1067 3323 1297 3403 Mommsenus,
1333 3325 1366 3388 15

241 3421 349 3486 verbis
379 3419 561 3501 compositis
594 3419 713 3483 nullam
749 3436 820 3482 5555
852 3425 995 3498 apparet.
1047 3420 1153 3484 Attica
1181 3426 1303 3499 aetate,
1339 3421 1366 3486 51

243 3518 364 3600 excipis
391 3535 494 3599 55555
522 3516 580 3579 1115
607 3516 721 3596 verba,
753 3531 834 3596 quae
864 3514 1000 3595 aliquem
1031 3516 1165 3581 51155155
1193 3517 1237 3581 rei
1268 3518 1365 3599 parti·
1456 3519 1457 3528 ’

241 3618 343 3698 cipem
368 3633 438 3678 esse
464 3612 657 3693 significant,
686 3613 865 3692 ubicunqne
893 3611 1030 3676 societas
1052 3614 1209 3694 quaedam
1238 3614 1365 3697 inipso

242 3712 340 3775 verbo
369 3716 417 3774 est
445 3709 633 3790 indicanda,
663 3707 820 3793 particula
850 3705 907 3771 σύν
930 3709 1028 3774 verbo
1056 3709 1198 3793 praefixa
1226 3709 1364 3790 videtur,
1454 3783 1456 3794 ‚

242 3829 305 3890 555
328 3808 367 3872 55
391 3828 425 3873 re
447 3809 511 3872 alio
526 3815 668 3890 tempore
691 3805 818 3871 uberius
837 3826 997 3889 exponere
1019 3807 1052 3870 15
1075 3807 1181 3872 animo
1203 3807 1279 3871 mihi
1304 3817 1363 3873 551.

243 3906 321 3970 (lum
344 3906 439 3986 igitur
467 3905 616 3988 propriae
638 3906 724 3970 illins
752 3903 927 3986 particulae
956 3903 1038 3984 μετά
1066 3903 1307 3986 significationis
1330 3907 1364 3970 15
