2948 4518
485 369 518 424 de
535 369 733 440 praepositione
749 369 819 438 μετά
1167 367 1225 428 157
1351 451 1355 461 Ι

103 541 196 607 detur
218 559 289 608 esse
317 541 435 607 radicis
464 539 794 616 (turcomanorum
824 561 854 625 p.
882 543 953 616 188)
983 541 1132 625 quodque
1162 563 1227 608 non

103 645 274 722 usurpatur
301 639 389 723 apud
418 645 531 723 poetas
553 639 708 722 tragicos,
739 639 868 722 saepius
890 639 923 702 in
946 657 1042 721 prosa
1065 641 1226 707 oratioue:

103 735 234 819 Antiph.
257 742 327 801 tetr.
350 741 388 800 A.
412 736 466 818 lv,
493 739 548 818 123
579 735 610 799 d.
640 734 730 800 saed.
754 735 829 801 Her.
852 739 890 800 91
917 731 955 798 τό
978 745 1150 816 μετανοεῖν
1173 739 1226 802 καὶ

101 835 225 914 γνῶναι
247 829 527 916 ἐξομαρτηκόταςς
551 839 663 916 postea
678 833 775 897 etiam
791 833 994 898 ooniuuotum
1017 833 1135 916 legitur
1156 855 1226 900 oum

103 927 162 992 ini
183 949 210 994 o.
233 929 316 1012 dar,
340 935 419 1012 περί
441 951 468 994 ο.
490 949 581 1012 gen,
606 931 675 994 solo
700 929 826 1013 dativ03
849 929 936 1014 apud
960 929 1044 995 Xen.
1061 930 1178 1016 Cyrop.
1202 933 1226 1010 1,

106 1033 141 1106 1,
164 1029 183 1092 3
213 1027 357 1109 sequitur
378 1027 423 1110 μή
447 1035 478 1093 et
493 1027 716 1092 ooniuuotivus
738 1028 940 1104 („oonsilium
955 1029 1059 1110 capio,
1085 1048 1127 1095 ne
1149 1029 1226 1112 quid

103 1123 202 1195 iiam.
239 1121 417 1208 Opponitur
432 1125 566 1190 verbum
587 1133 760 1206 μετανοεῖν
779 1125 866 1208 apud
882 1124 1106 1208 Epicharmum
1124 1126 1225 1200 (Stob.

100 1219 194 1285 florii.
217 1222 242 1302 I,
270 1225 319 1296 14)
341 1223 440 1289 verbo
464 1225 629 1304 προνοεῖν,
653 1220 712 1288 sed
733 1223 841 1288 neseio
863 1243 906 1288 au
932 1223 992 1287 hoo
1014 1222 1103 1286 verbi
1125 1247 1226 1304 μετο-

102 1327 190 1383 νοεϊν
220 1320 404 1402 exemplum
433 1341 498 1387 uon
532 1319 721 1404 antiquioris
753 1340 829 1386 usus
858 1319 1028 1402 vestigium
1060 1321 1225 1404 praebeat,

100 1415 159 1482 sed
182 1417 287 1500 potius
309 1417 371 1500 ipsi
394 1418 542 1501 opposito
564 1418 662 1483 verbo
685 1419 841 1498 προνοεῖν
865 1415 1028 1482 debeatur.

189 1512 288 1578 Vides
310 1513 408 1595 igitur
429 1515 461 1578 in
478 1515 583 1580 verbis
605 1515 711 1580 adhue
734 1515 877 1580 tractatis
896 1514 1033 1596 vestigia
1055 1513 1133 1579 satis
1155 1533 1226 1598 per·

101 1611 214 1693 spioua
236 1609 304 1675 eius
326 1629 409 1692 quae
431 1618 481 1677 est
503 1613 632 1696 propria
654 1611 800 1676 adverbii
819 1609 906 1675 notio
922 1616 1058 1676 exstare.
1095 1612 1133 1677 In
1156 1632 1225 1696 per·

100 1707 211 1773 multis
232 1725 309 1772 vero
338 1707 411 1772 aliis
432 1727 471 1773 ea
493 1709 557 1772 iam
580 1709 681 1772 multo
711 1707 814 1790 magis
843 1708 1013 1773 obscurata
1042 1713 1126 1773 sunt.
1171 1711 1226 1774 At·

102 1811 211 1869 tamen
242 1823 283 1868 ne
313 1823 409 1869 unum
439 1803 568 1886 quidem
591 1804 780 1871 Homericae
802 1811 858 1870 aut
882 1806 1012 1870 omnino
1035 1806 1224 1887 antiquioris

100 1900 219 1966 aetatis
241 1901 372 1967 verbum
403 1909 524 1980 exstat,
555 1901 639 1983 quod
662 1921 727 1966 nou
750 1901 845 1968 iaoiie
868 1901 914 1968 ita
936 1901 1089 1986 explicari
1112 1903 1223 1986 possit.

101 1995 195 2075 Quod
219 2015 294 2062 vere
316 1997 433 2062 dictum
457 2017 529 2064 osse
552 1997 713 2064 docebunt
734 2005 841 2066 cetera
866 2000 960 2065 huius
982 1998 1224 2081 signifioationis

102 2095 253 2178 exempla
274 2094 460 2177 Homerica,
490 2114 574 2177 quae
602 2114 687 2161 nuno
708 2096 754 2163 ita
776 2097 987 2178 enumerabo,
1017 2103 1144 2161 utrum
1167 2099 1225 2162 ali·

103 2211 192 2256 orum
226 2193 413 2275 scriptorum
448 2191 608 2274 quaedam
649 2194 799 2277 exempla
831 2193 989 2258 ascribam
1029 2201 1096 2257 tum
1131 2195 1224 2260 Euri-

101 2287 208 2372 pidea.

187 2383 469 2469 μετασιρὲφισ
499 2386 733 2462 „umwenden¹‘
763 2394 801 2450 A
831 2389 910 2468 5953
946 2387 974 2451 0
1005 2389 1083 2470 5913
1117 2390 1223 2452 Prrr

102 2484 163 2566 στῆ
195 2481 231 2547 δὲ
259 2487 542 2567 pecoroso-rem
575 2487 605 2548 Θ
628 2488 707 2562 2533
738 2491 776 2547 A
799 2489 878 2566 4473
909 2483 1012 2566 magis
1037 2483 1080 2549 ad
1110 2485 1224 2567 prinoi-

100 2581 210 2663 paiem
232 2577 496 2662 significationem
518 2581 643 2647 accedit
664 2582 858 2665 exemplum,
882 2581 965 2666 quod
988 2583 1107 2665 legitur
1132 2583 1159 2646 O
1183 2585 1223 2647 52

100 2679 148 2762 τῷ
170 2701 206 2742 κε
228 2675 426 2742 Ποσειδάων
448 2701 483 2758 γε
505 2677 559 2742 καὶ
582 2676 611 2743 εἰ
632 2673 722 2758 μα’λα
744 2676 900 2758 βούλεται
923 2675 1023 2763 ἄλλο’,
1055 2671 1144 2756 αἶψα
1165 2703 1224 2760 με·

101 2772 301 2855 ταστρέψειε
323 2771 400 2836 νόον
419 2771 503 2854 μετὰ
525 2773 585 2837 σὸν
607 2777 661 2838 καὶ
685 2773 763 2853 ἐμὸν
785 2777 856 2859 κῆρ,
880 2777 934 2840 ubi
949 2777 1005 2840 vix
1019 2777 1120 2840 verba
1140 2775 1224 2854 μετὰ

102 2921 174 2936 ...
204 2879 265 2956 κῆρ
294 2869 394 2935 artius
423 2889 495 2934 oum
523 2868 763 2952 μεταστρέψειε
791 2871 1017 2954 coniungenda
1044 2877 1135 2952 sunt,
1165 2871 1223 2938 sed

101 2969 207 3052 potius
228 2969 274 3034 sio
296 2967 507 3050 explicanda:
537 2967 686 3044 „deinem
715 2987 745 3032 u.
773 2969 911 3034 meinem
934 2968 1052 3034 Willen
1075 2975 1223 3052 gemass¹⁶

101 3064 402 3143 („seeundum“r;
433 3065 508 3130 Eur.
539 3065 655 3130 Baoeh.
689 3065 770 3128 1330
806 3057 884 3148 ὁρᾷς
918 3063 998 3142 τᾶμ’
1031 3061 1099 3150 ὅσῳ
1129 3089 1223 3148 μετε-

101 3161 251 3244 σνρσὶφρ;
274 3161 313 3226 oi.
330 3161 539 3228 Chaeremon.
563 3161 599 3226 fr.
620 3164 658 3224 19
681 3155 816 3224 ἅπαντα
837 3163 911 3246 νικᾷ
931 3165 983 3227 καὶ
1000 3161 1223 3248 μεταστρέφει

100 3257 188 3340 τύχη.
231 3257 280 3322 De
300 3255 505 3324 intransitivo
527 3258 615 3324 voois
636 3277 695 3324 usn
718 3275 823 3339 neque
849 3258 955 3324 020³
978 3261 1119 3344 cogitare
1141 3261 1224 3340 iicet,

102 3357 155 3422 ubi
187 3355 301 3436 iegitur
330 3355 425 3418 τόνδε
455 3353 547 3438 φέρω
568 3353 628 3420 Διὶ
658 3355 769 3436 μῦθον
792 3346 922 3439 <inuria
943 3379 979 3420 τε
1000 3355 1156 3438 κρατερόν
1178 3381 1223 3438 τε,

103 3440 119 3535 ἦ
145 3475 175 3514 τι
199 3449 448 3531 μιιιιοτρὲψεις,
473 3471 577 3534 neque
598 3459 621 3536 β
643 3455 682 3518 67
707 3452 798 3516 θεῶν
829 3445 862 3515 δ’
894 3446 1095 3518 ὑποδείσατε
1116 3454 1223 3536 μῆνιν,

100 3547 145 3630 μή
169 3573 199 3610 τι
223 3553 480 3630 μειοσρέψιοσιν
496 3547 722 3632 ἀγασσάμενοι
737 3548 819 3614 κατὰ
843 3551 938 3631 ἕργας
961 3569 1036 3614 nam
1060 3549 1111 3616 hio
1135 3549 1222 3632 ipro,

100 3648 168 3711 illie
192 3646 304 3728 μῖθον
328 3649 369 3720 (v.
393 3647 467 3720 202)
495 3647 592 3711 etiam
622 3648 664 3714 ad
686 3647 820 3714 verbum
849 3647 1067 3732 μεταστρὲφισ
1097 3647 1224 3714 trahen-

102 3743 177 3808 dum
201 3749 258 3807 est.
297 3742 538 3806 Substantivum
560 3745 602 3810 ab
626 3744 686 3810 hao
703 3745 803 3829 stirpe
825 3745 993 3810 formatum
1009 3743 1222 3830 μεταστροφὴ

102 3839 219 3922 iegitur
240 3837 327 3922 apud
350 3839 516 3904 Platonem
540 3859 606 3924 rep.
630 3841 691 3906 VII
714 3862 746 3924 ρ.
769 3842 882 3924 5350;
906 3841 1011 3907 5333.

185 3935 440 4017 μετατρὲπω
474 3943 667 4012 „eonverw
697 3943 735 4002 A
768 3941 827 4003 199
857 3939 1032 4022 &erroneas
1068 3936 1103 4004 ‹i’
1133 3936 1223 4020 Ἀχι-
