2948 4518
256 341 318 403 122
776 343 875 398 Funok

256 538 376 605 genera
403 515 566 584 adverbiis
593 515 750 600 appositis
777 514 1010 600 significantur,
1045 516 1141 582 etiam
1170 517 1297 582 initium
1328 519 1380 583 vel

256 617 328 684 finis
342 615 477 682 alieuius
493 614 628 680 aetionis
650 612 793 698 praefixo
809 612 964 680 adverbio
979 613 1161 681 indicetur?
1198 615 1282 680 Nam
1298 616 1381 683 tales

256 713 392 782 aetionis
413 713 585 780 varietates
614 731 684 778 eum
713 712 901 795 plerumque
923 713 1048 779 variata
1074 714 1272 797 singulorum
1303 719 1381 778 tem-

256 834 369 898 porum
391 811 491 895 stirpe
512 810 746 895 exprimantur,
774 815 880 875 tamen
904 830 968 874 non
991 831 1118 894 semper
1138 812 1236 895 plene
1258 817 1290 876 et
1311 815 1382 894 per·

256 913 338 979 ieote
358 911 406 977 ita
426 909 561 976 iudieari
584 914 720 993 possunt
734 907 843 989 itaque
858 915 924 972 tum
946 915 1002 974 aut
1023 906 1112 973 aliud
1127 909 1271 990 verbum,
1295 908 1382 991 quod

256 1009 393 1075 fortasse
413 1008 545 1091 propius
568 1005 610 1071 ad
638 1005 688 1088 id,
712 1004 796 1088 quod
819 1005 1027 1072 indicandum
1050 1011 1134 1086 erat,
1157 1005 1301 1089 aoeedat,
1324 1027 1382 1090 po·

257 1105 399 1173 nendum
422 1111 479 1183 est,
502 1103 643 1170 autolio
665 1104 761 1169 modo
783 1104 845 1188 ipsi
867 1103 987 1170 iormae
1003 1105 1093 1170 verbi
1115 1104 1237 1186 aliquid
1259 1103 1383 1170 adden·

248 1202 420 1286 domest,
451 1223 513 1284 quo
536 1202 697 1269 sententia
725 1202 904 1268 accuratius
935 1201 1113 1268 definiatur.
1158 1203 1199 1267 Et
1227 1203 1289 1284 boo
1311 1203 1383 1286 ipso

257 1302 391 1368 oonsilio
414 1300 669 1385 praepositiones
684 1301 717 1365 in
733 1300 841 1366 verbis
863 1320 960 1382 supra
981 1300 1091 1366 allatis
1105 1306 1180 1366 sunt
1202 1302 1382 1383 appositae.

258 1401 352 1480 Nam,
376 1405 411 1466 ut
432 1399 589 1482 exemplis
610 1417 678 1463 rem
699 1398 867 1480 illustrem,
890 1399 918 1464 si
939 1398 1010 1482 quis
1031 1418 1096 1464 uno
1117 1398 1217 1464 verbo
1239 1397 1383 1464 dicturus

258 1517 293 1564 se
315 1497 366 1563 vel
389 1515 533 1562 somnum
556 1515 688 1580 capere,
711 1497 765 1561 rel
788 1515 806 1564 e
828 1517 940 1563 somno
963 1496 1117 1577 evadere,
1142 1497 1196 1563 vel
1219 1495 1262 1561 ad
1285 1494 1383 1562 linem

259 1595 406 1677 dormire,
429 1596 591 1661 notionem
615 1595 718 1661 somni
740 1615 805 1660 non
820 1596 890 1660 vult
911 1594 1066 1675 omittere,
1090 1594 1179 1660 nullo
1198 1595 1289 1659 verbi
1314 1593 1385 1659 dor-

259 1692 378 1759 miendi
400 1699 545 1776 tempore
573 1693 633 1758 boe
655 1693 707 1758 vel
736 1691 818 1758 illud
838 1692 983 1760 indicare
1004 1698 1126 1777 potest,
1156 1690 1288 1759 sedant
1312 1711 1385 1758 sen·

258 1792 390 1858 tentiam
428 1791 474 1856 ita
507 1789 588 1876 iere,
626 1797 661 1856 ut
692 1790 849 1871 indieavi,
886 1781 1168 1857 'circumlocutione
1201 1790 1385 1872 exprimere

258 1890 397 1973 cogitur,
424 1894 481 1954 aut
503 1921 542 1932 -
567 1897 599 1953 et
627 1889 707 1954 haee
737 1889 866 1972 quidem
894 1888 976 1955 ratio
1005 1888 1242 1973 simplioissima
1268 1894 1320 1953 est
1341 1923 1386 1936 -

258 1987 426 2055 formanda
441 1992 516 2052 sunt
529 1987 715 2069 composita,
738 1993 772 2051 ut
788 1986 957 2060 obdormio,
979 1986 1179 2069 sinroblosou,
1203 1977 1383 2072 ἇφυπνόω,

259 2087 415 2159 edormr'o,
445 2082 654 2168 aussoblosen.
698 2084 803 2150 Simili
825 2084 920 2151 modo
943 2086 998 2150 ubi
1020 2086 1091 2166 quis
1119 2106 1183 2150 uno
1206 2085 1306 2150 verbo
1333 2105 1385 2151 su-

258 2185 324 2250 bito
353 2202 466 2250 sonum
495 2180 656 2264 quendam
685 2181 805 2248 editum
834 2201 906 2249 esse
934 2182 1077 2249 iudieare
1098 2183 1184 2265 vult,
1214 2182 1385 2266 aptissime

258 2282 319 2347 hoo
341 2301 379 2349 eo
401 2279 449 2363 tit,
480 2287 515 2346 ut
536 2281 731 2364 praepositio
754 2277 789 2347 ἐκ
809 2280 1003 2366 praefigatur·
1025 2281 1131 2347 verbis
1160 2275 1270 2364 βοάω,
1301 2286 1384 2364 βρυ-

257 2378 390 2462 χάομαι,
414 2376 529 2462 perso,
554 2379 720 2462 similibus,
744 2399 807 2462 qua
828 2381 980 2446 adiuncta
1002 2387 1034 2446 et
1055 2378 1244 2446 brevissime
1266 2386 1299 2446 et
1320 2381 1386 2446 ola-

258 2480 382 2546 rissime
410 2499 522 2544 sonum
546 2477 636 2541 illum
665 2477 757 2560 quasi
786 2496 953 2562 erumpere
976 2498 994 2543 e
1015 2477 1145 2543 silentio
1170 2475 1384 2560 signifieatur3

258 2597 389 2663 prorsus
411 2573 555 2642 eiusdem
584 2575 711 2658 generis
741 2580 790 2640 est
812 2574 961 2639 Latinum
984 2575 1180 2648 reclamare,
1212 2593 1250 2640 ao
1271 2575 1384 2659 paullo

258 2684 382 2743 tautum
412 2673 541 2738 diversa
569 2678 679 2737 nostra
700 2672 800 2738 verba
828 2671 1000 2746 losluoberr,
1031 2670 1233 2752 loasobreiorr,
1263 2673 1385 2758 quippe

259 2775 374 2858 quibus
406 2790 517 2837 vooem
552 2769 670 2836 diutius
705 2789 885 2855 repressam
918 2778 1050 2855 repente
1082 2769 1184 2835 emitti
1216 2770 1386 2837 indicetur.

260 2871 406 2939 Eandem
431 2870 498 2936 iere
520 2867 784 2951 significationem
806 2890 865 2936 nos
888 2890 927 2937 ea
948 2889 1075 2952 quoque
1097 2870 1151 2934 via
1173 2870 1384 2951 assequimur,

259 2979 293 3036 ut
315 2969 421 3037 verbis
443 2967 541 3034 simili
563 2968 694 3033 notione
714 2969 878 3034 instruatis
906 2967 1177 3050 praepositionem
1207 2965 1273 3051 aas
1292 2987 1386 3052 prae·

260 3067 409 3151 ligamus,
445 3084 510 3147 qua
541 3064 756 3131 sublationem
788 3064 878 3148 quasi
915 3064 985 3131 soni
1016 3063 1194 3130 indioemus
1228 3064 1278 3141 (oi.
1311 3064 1386 3147 ous-

259 3165 409 3236 robrez'en,
433 3162 616 3250 austerban),
639 3164 797 3247 parilique
820 3162 914 3229 modo
938 3161 1054 3228 Graeoi
1078 3161 1206 3239 adnexo
1229 3163 1385 3229 adverbio

261 3258 323 3329 ἀνά
344 3262 377 3327 in
400 3253 571 3344 ἆναβοάω,
603 3254 770 3326 ἀναστένω
778 3309 787 3338 ,
816 3253 1018 3336 ἀνολολύζω,
1046 3258 1119 3324 aliis
1141 3260 1229 3327 voor's
1252 3267 1385 3327 eonten-

259 3362 379 3426 tiouem
401 3359 493 3442 quasi
515 3367 591 3426 ante
613 3362 721 3426 oeulos
742 3365 881 3444 ponunt,
912 3377 1006 3440 quam
1030 3358 1136 3423 miuus
1158 3357 1307 3424 distinete
1331 3379 1387 3425 ex-

260 3479 403 3545 pressam
420 3459 515 3523 etiam
531 3456 564 3523 in
583 3457 707 3524 Latinis
721 3458 829 3524 verbis
843 3458 1007 3539 ioqemere,
1030 3456 1203 3534 inerepare,
1228 3458 1383 3531 intonare,

260 3559 333 3626 aliis
364 3557 528 3623 sentimus.
574 3555 674 3622 Vides
702 3563 808 3621 autem
832 3553 931 3619 verba
956 3554 1058 3619 allata
1080 3573 1273 3637 quamquam
1303 3575 1384 3621 sane

261 3657 389 3723 diversa
410 3660 485 3721 sunt
506 3654 649 3720 averbis
663 3653 790 3736 talibus,
815 3652 924 3736 qualia
939 3660 1012 3718 sunt
1035 3643 1217 3734 ἆποβαίνω,
1244 3650 1383 3729 inolito,

261 3751 455 3835 ἀνίσταμαι,
485 3757 592 3818 tamen
621 3751 864 3818 similitudinem
892 3750 1052 3834 quandam
1078 3751 1221 3816 interea
1249 3750 1386 3819 intereo·

261 3850 353 3936 dere;
381 3871 457 3916 uam
485 3851 520 3916 iu
549 3851 599 3917 his
621 3869 746 3934 quoque
773 3850 900 3916 initium
928 3869 1031 3916 novae
1054 3849 1189 3915 aetionis
1219 3853 1384 3934 praeposi·

260 3950 348 4015 tione
375 3947 511 4015 indicari
535 3955 654 4034 potest,
684 3968 766 4031 quae
788 3956 895 4016 tamen
918 3969 982 4014 nou
1006 3947 1074 4013 sola
1096 3964 1200 4027 neque
1230 3947 1384 4029 primaria
