2948 4518
478 355 511 410 de
528 357 728 426 praepositione
745 357 823 428 μετά.
1158 360 1220 420 135

178 526 346 593 Postremo
386 527 447 592 hoo
479 527 548 593 loeo
581 526 741 610 egendum
776 546 846 610 esse
879 527 1006 592 videtur
1039 527 1080 593 de
1112 531 1220 597 verbis

90 619 417 704 μεταπαύομαι,
462 622 695 708 μεταλήμω,
746 629 940 708 μεθίημι,
991 625 1217 707 μεθαιρέιο.

90 719 236 799 Quorum
267 721 402 803 primum
432 741 495 786 uno
522 727 646 788 tontum
675 722 745 788 loeo
776 721 942 787 Homerioo
968 722 1070 788 habes
1098 727 1127 786 P
1146 729 1218 806 373,

91 817 147 882 ubi
163 817 315 882 absoluto
331 817 449 882 dietum
466 825 529 884 est:
552 816 821 900 μεταπαυόμενοι
844 811 876 882 d'
902 816 1070 898 ἐμάχοντο.
1107 824 1219 905 Aeque

91 933 130 980 ae
145 913 285 998 simplex
302 914 434 980 verbum
457 913 647 998 παύομαι
669 937 740 982 oum
762 915 913 999 genetivo
931 923 1115 998 usurpatum
1131 919 1218 1003 apud

91 1010 279 1096 Oppianum
321 1012 467 1095 legimus.
522 1014 692 1080 Praeterea
730 1020 836 1079 exstat
873 1013 1108 1078 substantivum
1142 1015 1219 1082 inde

92 1109 275 1174 derivatum
305 1108 550 1192 μεταπαυσωλή
583 1117 614 1173 Τ
632 1114 691 1174 201
716 1134 750 1189 μ.
780 1107 953 1192 πολέμοιο,
983 1131 1117 1193 quocum
1146 1133 1218 1178 eon—

91 1206 178 1272 ieras
199 1209 231 1268 B
247 1209 311 1270 386
333 1198 370 1268 οὗ
393 1205 455 1287 γὰρ
478 1207 638 1290 παυσωλή
661 1231 697 1289 γε
718 1204 923 1288 μετέσσεται.
943 1252 948 1258 ·
967 1210 1218 1292 Praepositionis

91 1312 201 1370 eutem
224 1304 257 1368 in
280 1303 331 1367 his
345 1304 511 1371 vocabulis
526 1305 575 1370 vis
598 1304 710 1369 eedem
727 1309 776 1369 est
789 1312 885 1386 atque
900 1306 1000 1371 nostri
1024 1306 1217 1382 „zwisehem

92 1401 210 1482 dureh,
240 1399 475 1482 dozwisohen“,
504 1421 600 1484 quem
623 1403 688 1466 vim
713 1422 735 1467 a
755 1403 886 1468 notione
913 1402 1103 1482 „inmitten“
1131 1403 1218 1470 haud

91 1499 203 1582 prooui
233 1496 351 1562 obesse
371 1505 522 1581 apparet,
551 1499 660 1583 itaque
682 1497 840 1581 signifieat
866 1498 1103 1580 μεταπαύομαι
1124 1501 1219 1578 „zwi-

91 1595 192 1662 sehen
209 1593 320 1674 durch,
337 1599 430 1660 unter
446 1595 503 1661 der
517 1596 630 1662 Arbeit
645 1596 834 1679 auih61·en“;
857 1597 884 1662 si
899 1599 970 1679 quis
984 1602 1090 1662 eutem
1108 1617 1216 1663 easum

91 1693 134 1758 ad
156 1688 396 1772 μεταπαύσμαι
418 1693 551 1776 eiusque
572 1712 656 1775 quae
681 1700 755 1757 sunt
774 1693 894 1770 similia
915 1694 1015 1759 verba
1040 1693 1218 1779 adiungere

91 1791 247 1864 voluerit,
282 1787 312 1853 ei
343 1808 408 1852 non
437 1788 577 1864 dativus,
613 1789 671 1854 sed
699 1790 899 1856 aecusativus
927 1791 1129 1858 adhibendus
1158 1800 1217 1870 est,

89 1907 163 1952 oum
191 1885 345 1968 analogia
372 1886 414 1952 sit
441 1885 644 1970 respicienda
666 1905 790 1968 earum,
820 1885 862 1953 de
884 1887 998 1971 quibus
1019 1909 1117 1972 supra
1139 1889 1217 1970 dixi,

91 1984 290 2050 locutionum
311 1980 395 2060 μετὰ
418 1981 543 2058 δαῖτας,
566 1975 649 2064 μεθ’
673 1976 806 2067 ἡμέραν,
829 1985 990 2050 similium.
1034 1983 1217 2050 Secundum

90 2083 220 2146 illorum
250 2078 419 2144 verborum
447 2078 660 2163 μεταλήγω
693 2081 822 2165 proprie
851 2081 1008 2164 signifieat
1036 2081 1217 2158 „interdum

91 2179 259 2258 desinere,
288 2177 555 2262 interrumpere“;
584 2178 701 2258 legitur
729 2185 835 2242 autem
858 2183 877 2240 1
901 2182 957 2242 157
988 2177 1091 2241 ταῦτά
1121 2183 1155 2242 κέ
1184 2178 1217 2244 οἱ

91 2275 264 2356 τελέσαιμι
286 2271 506 2358 μεταλήξαντι
525 2272 657 2354 χόλοιο,
681 2276 787 2353 1261,
804 2276 876 2340 299.
912 2274 980 2339 Iam
1003 2293 1044 2340 ex
1065 2276 1218 2360 analogia

91 2373 206 2437 horum
232 2372 402 2437 verborum
431 2371 528 2436 etiem
558 2369 848 2452 frequentissimum
876 2371 966 2437 illum
995 2371 1084 2435 verbi
1111 2378 1218 2452 μεθ-

92 2474 185 2551 λημι
214 2488 306 2534 usum
337 2468 582 2551 expiioaverim;
611 2474 689 2549 puto
717 2468 818 2550 enim,
848 2467 929 2534 siout
951 2469 1098 2534 Latinum
1128 2472 1217 2534 mitto

91 2565 144 2642 (of.
174 2565 235 2628 λοσ
263 2565 388 2627 mireum
411 2563 588 2646 sociemus)
623 2565 687 2630 vim
717 2566 886 2632 desinendi
914 2566 1037 2650 aceepit
1068 2569 1114 2631 ita
1143 2565 1217 2650 ἵήμι

90 2663 227 2729 verbum
249 2661 363 2726 addite
384 2661 468 2742 μετά
494 2662 732 2745 praepositione
754 2683 794 2729 ee
815 2665 946 2730 notione
967 2683 1038 2729 esse
1059 2663 1216 2747 indutum,

90 2767 126 2826 ut
139 2779 214 2826 eum
236 2763 381 2841 μεθίημι
402 2759 532 2841 proprie
553 2759 595 2824 sit
618 2759 720 2833 „inter
737 2760 876 2824 laborem
893 2761 1049 2839 desinere,
1073 2761 1216 2828 laborem

90 2856 334 2936 intermittere“,
357 2854 433 2920 hino
447 2855 577 2920 omnino
592 2855 680 2919 notio
697 2856 918 2939 „uoehlassem
934 2857 1096 2937 abiasseu,
1111 2864 1219 2925 unter-

90 2955 211 3033 lusson,
234 2952 413 3018 losinssen“
437 2951 572 3017 fluxerit.
610 2950 820 3033 Coniungitur
841 2972 911 3017 eum
933 2954 1115 3019 aecusativo
1138 2974 1166 3020 e.
1189 2975 1216 3022 ο.

93 3075 106 3113 ε
130 3053 190 3114 471
219 3047 252 3112 εἲ
271 3073 313 3129 με
333 3046 453 3132 μεθείη
477 3048 569 3131 ῥῖγος
590 3046 827 3134 καὶικάματος;
851 3075 871 3113 οι
896 3056 933 3115 λλ
962 3048 1217 3128 Ποσειὸάιον,ὁὲ

92 3145 241 3231 μεθήσει
264 3141 301 3210 ὃν
321 3144 436 3226 χόλου,
465 3146 505 3210 ei.
534 3147 607 3210 [dur.
631 3145 713 3212 Med.
738 3149 817 3229 5903
845 3148 891 3212 itu
918 3149 1106 3232 saepissime
1128 3150 1217 3234 apud

93 3242 282 3327 Euripidem
310 3248 414 3323 μεθές
442 3266 484 3324 με
512 3242 598 3320 „less
626 3241 710 3308 mioh
738 3243 808 3309 los“
834 3245 966 3326 legitur,
995 3246 1216 3326 mulereo,

93 3345 172 3422 544;
194 3339 282 3406 Mod.
308 3342 377 3421 171,
400 3342 478 3419 127,
508 3339 627 3406 deinde
649 3339 778 3405 notione
801 3342 1023 3424 „proisgebeu
1045 3340 1217 3423 ouigeben,

93 3436 280 3520 hingeben“
309 3441 412 3501 0212
442 3433 482 3501 οὔ
510 3460 548 3503 σε
569 3431 729 3520 μεθήσει,
763 3438 894 3520 0553;
919 3436 1007 3520 apud
1030 3436 1216 3522 Euripidem

93 3535 191 3600 etiem
213 3532 321 3599 medio
342 3553 476 3617 genere:
499 3533 583 3600 Med.
597 3536 659 3602 736
682 3523 720 3596 οὐ
734 3526 849 3612 μεθεῖ’
866 3526 907 3598 ἂν
923 3581 930 3598 .
949 3583 956 3598 .
974 3583 981 3598 .
999 3532 1070 3618 ἐμέ,
1093 3537 1217 3602 eetivo:

95 3631 165 3698 Ale.
197 3635 276 3694 1111
313 3622 371 3694 οἷοι
398 3625 438 3694 ὃν
466 3636 604 3716 procop
633 3629 692 3714 τήν
720 3637 857 3711 γυναῖκα
886 3629 1113 3713 προσπόλοις,
1146 3653 1218 3708 „zu-

96 3731 225 3796 lassen“
258 3725 333 3792 Eur.
363 3727 484 3795 Phoen.
513 3729 575 3793 519
605 3725 709 3793 ἐκεῖνο
738 3724 771 3791 d'
807 3722 865 3808 οὐχ
898 3725 979 3794 ἕκτοι
1011 3723 1215 3812 μεθήσομαι,

96 3821 207 3908 ἄρχειν
230 3818 340 3904 παρόν
364 3847 438 3906 μοι,
468 3823 552 3907 τῷδε
581 3823 757 3890 δουλεῦσαί
784 3845 877 3890 ποτε.
922 3825 949 3890 Ε
977 3823 1107 3892 notione
1133 3828 1219 3902 „los-

95 3923 226 3990 lossen“
249 3919 367 3988 deinde
389 3921 567 4006 explieatur
587 3920 759 4004 singularis
781 3921 870 3986 verbi
893 3941 978 4002 usus,
1000 3940 1094 4002 quem
1117 3921 1218 3992 hebes
