2948 4518
489 345 523 401 de
539 347 740 417 praepositione
756 345 834 416 μετά.
1167 348 1228 410 129

97 515 284 582 accusativo
299 515 517 599 coniungitur:
539 511 622 599 μεθ’
640 512 764 600 ἡμέραν
780 517 855 584 Hdt.
872 520 896 602 1,
917 525 991 602 1503
1014 518 1098 603 μετὰ
1113 520 1229 600 νύκτας

99 613 193 678 Pind.
218 612 310 679 Nem.
335 613 390 696 VI,
414 617 451 696 93
474 618 503 678 P
525 617 583 680 149
606 615 739 698 legitur:

184 737 261 807 πῶς
283 754 318 796 κε
341 729 380 795 οὐ
403 735 535 814 χείρονα
558 735 654 816 φῶτα
679 731 846 810 σαώσειας
867 727 949 815 μεθ’
976 729 1123 816 ὅμιλον)

97 863 118 926 i.
149 881 176 928 e.
208 861 315 938 „inter
341 863 549 946 tumultum“;
584 888 602 942 χ
632 866 710 929 352:
743 863 827 945 μετὰ
864 863 979 940 δαῖτας
1008 872 1123 941 „unter
1152 866 1225 932 dem

98 957 241 1025 Mahle“.
279 957 475 1042 Significatio
497 960 577 1026 hacc
599 981 616 1027 e
635 963 795 1026 communi
817 963 947 1028 notione
969 963 1159 1039 „inmitten“
1181 964 1227 1028 ta-

96 1057 218 1122 cillime
242 1056 435 1139 explicatum
466 1058 508 1123 ad
530 1058 746 1124 accusativum
775 1064 881 1124 autem
909 1061 1137 1145 explicandum
1165 1061 1227 1127 hoc

97 1151 294 1218 monendum
318 1159 376 1234 est,
399 1155 588 1238 saepissime
610 1174 648 1221 eo
670 1174 747 1219 casu
769 1174 834 1220 rem
859 1177 917 1240 per
931 1158 1058 1241 longius
1073 1159 1226 1242 temporis
1271 1221 1275 1229 .

98 1251 237 1334 spatium
254 1251 467 1334 pertinentem
482 1250 617 1316 indicari
634 1251 684 1329 (ol.
698 1251 824 1318 Curtius
833 1253 976 1318 Granum.
989 1257 1027 1334 ἐξ
1039 1258 1125 1337 39913
1138 1259 1222 1336 405),

96 1349 188 1430 isque
209 1346 294 1429 μετά
317 1349 564 1432 praepositionis
586 1368 661 1414 usus
683 1350 761 1414 satis
775 1351 926 1432 antiquus
940 1349 1131 1417 iudicandus
1154 1371 1225 1418 esse

96 1443 241 1526 uidetur,
279 1443 364 1527 quod
398 1443 485 1529 apud
521 1445 714 1528 posteriores
746 1445 829 1526 μετά
862 1467 933 1513 cum
966 1449 1149 1514 accusativo
1183 1447 1223 1514 de

97 1551 244 1625 tempore
266 1541 383 1607 dictum
406 1541 487 1607 nihil
509 1543 572 1608 nisi
594 1546 708 1627 „post“
731 1543 910 1626 significare
932 1547 1025 1611 solet.

183 1639 252 1704 lam
268 1646 469 1704 transeamus
487 1637 530 1704 ad
544 1640 709 1723 vulgarem
725 1641 972 1724 praepositionis
987 1638 1071 1722 μενά
1086 1661 1157 1706 oum
1172 1661 1223 1707 ao·

96 1736 242 1802 cusativo
257 1735 524 1816 coniunctionem,
543 1738 631 1802 ouius
647 1739 807 1819 propriam
823 1739 887 1803 vim
904 1757 974 1804 eam
991 1758 1062 1806 esse
1077 1737 1223 1822 apparet,

96 1840 131 1898 ut
154 1833 331 1900 subiectum
347 1833 437 1899 verbi
459 1832 502 1897 ad
525 1852 592 1898 rem
614 1832 766 1914 aliquam,
790 1854 923 1916 quacum
946 1855 1017 1902 sese
1040 1833 1222 1918 coniungat,

95 1930 194 1998 adeat
222 1931 275 1996 vel
306 1929 403 1995 sliam
435 1949 500 1995 rem
529 1929 589 1994 hoo
618 1930 688 2012 ipso
718 1933 853 1998 oonsilio
882 1933 915 1998 iu
943 1933 1032 1997 illum
1063 1933 1221 1998 immittat.

97 2029 149 2092 Ita
171 2027 301 2093 dicitur:
332 2013 417 2110 ἦλθε
438 2020 511 2108 μετ’
545 2019 679 2105 αι’·τοὺς,
710 2028 743 2096 Ξ
769 2033 845 2112 136;
874 2028 1004 2105 ἵππους
1031 2029 1114 2108 μετὰ
1144 2031 1222 2112 νῆας

95 2121 244 2189 ἐλαύνειν
267 2126 295 2186 Ε
320 2127 395 2206 165;
420 2121 551 2206 φεύγειν
574 2124 656 2205 μετὰ
680 2126 759 2210 νῆας
787 2131 829 2189 M
854 2131 930 2210 1233
960 2136 991 2193 et
1015 2127 1074 2192 hae
1097 2146 1222 2209 quoque

95 2223 128 2286 vi
157 2219 334 2286 notandum
368 2228 417 2287 est
449 2221 536 2304 apud
566 2221 736 2287 Homerum
767 2222 894 2305 quidem
923 2220 1007 2302 μετά
1036 2224 1223 2308 plerumque

94 2338 166 2383 oum
190 2319 309 2402 plurali
331 2336 464 2383 numero
479 2318 531 2380 vel
554 2318 708 2400 singulari
732 2321 870 2384 nominis
886 2319 1045 2384 collectivi
1062 2319 1221 2402 coniungi,

93 2417 140 2478 ita
169 2421 203 2479 ut
232 2417 327 2481 etiam
351 2414 392 2480 ab
422 2415 483 2479 huo
512 2420 603 2497 parte
625 2415 750 2480 eluceat
778 2413 861 2494 μετά
891 2415 1019 2499 proprie
1041 2415 1221 2499 significare

93 2511 362 2592 coniunctionem,
386 2531 449 2592 qua
471 2511 542 2592 quis
563 2511 674 2578 inter
695 2513 777 2578 alios
799 2513 971 2596 recipiatur
992 2513 1045 2580 uel
1067 2519 1220 2581 versetur.

93 2607 175 2674 inde
191 2609 357 2674 derivatur
372 2609 437 2673 alin
458 2606 657 2690 significatio,
680 2609 712 2674 in
729 2631 823 2693 quam
847 2612 927 2676 haec
942 2611 1056 2692 regula
1071 2610 1220 2675 nimirum

93 2725 158 2770 non
181 2704 283 2788 eadit3
306 2725 381 2770 nam
405 2705 565 2787 quonlam,
589 2707 615 2771 si
636 2705 770 2773 dicimus
793 2707 931 2788 ἔρχομαι
953 2705 1036 2788 μετά
1059 2730 1100 2784 τι,
1125 2707 1239 2773 simul·

91 2802 254 2866 indicatur
276 2802 444 2867 consillum
466 2804 512 2867 rei
534 2805 763 2886 capessendae,
788 2805 895 2868 omnia
917 2803 1099 2870 huiusmodi
1121 2805 1221 2870 verba

91 2897 283 2983 saepissime
312 2919 440 2982 prorsus
469 2899 534 2965 vim
563 2901 662 2965 nostri
685 2900 776 2966 verbi
807 2901 947 2976 „holen“
976 2900 1154 2983 accipiunt,
1181 2921 1220 2966 uo

90 3005 158 3060 tum
182 2995 303 3078 optimo
326 2997 393 3061 iure
415 2995 511 3062 ctiam
535 3016 606 3061 cum
634 2997 790 3078 singulari
819 3015 952 3062 numero
975 2998 1219 3081 coniunguntur,

92 3101 126 3156 ut
160 3093 250 3157 hisce
286 3092 380 3158 louis:
420 3115 441 3154 α
475 3096 533 3156 184
568 3091 665 3157 πλεῖν
696 3091 780 3172 μετὰ
811 3091 948 3176 χαλκόν;
981 3098 1003 3175 β
1039 3097 1100 3160 308
1136 3094 1219 3176 μετὰ

92 3187 223 3270 πατρὸς
253 3181 372 3272 ἀκουὴν
408 3187 573 3270 ἱκνέομσις
600 3191 747 3274 apposito
776 3190 944 3274 participio
974 3195 1009 3254 N
1030 3194 1107 3256 247:
1136 3191 1219 3273 μετὰ

91 3281 153 3368 yolo
191 3283 270 3364 δόρυ
306 3281 358 3368 ᾔει
389 3281 577 3366 οἷσόμενοςς
613 3287 631 3364 ξ
659 3291 720 3350 415
760 3283 861 3370 ᾤχετο
897 3285 1102 3368 πευσόμενος
1135 3286 1219 3366 μετὰ

91 3382 151 3446 σὸν
173 3380 277 3456 κλέος.
322 3381 414 3448 Hanc
442 3390 549 3448 autem
577 3385 740 3467 excipiunt
763 3385 849 3450 aliae
871 3384 1029 3465 quaedam
1058 3381 1219 3466 significa·

90 3481 195 3546 tiones
227 3477 348 3562 optime
384 3480 596 3566 explicandae
630 3480 783 3562 analogia
815 3481 915 3546 nostri
947 3479 1092 3546 adverbii
1123 3479 1219 3554 srael,-

89 3575 279 3642 sicutenim
304 3575 379 3657 hoc,
402 3577 487 3660 quod
503 3586 672 3660 cognatum
696 3596 767 3642 esse
786 3584 921 3662 apparet
944 3576 1104 3644 adiectiro
1128 3575 1217 3649 νιαλο,

161 3755 181 3818 ⁴)
199 3753 273 3808 llaec
293 3757 334 3808 est
351 3753 431 3808 lectio
450 3755 603 3812 Aristarchi
620 3756 679 3812 sine
697 3754 779 3812 dubio
797 3770 868 3820 uera,
888 3755 922 3809 ct.
942 3755 1026 3812 schol.
1045 3755 1083 3808 A:
1103 3751 1149 3806 διὰ
1167 3756 1216 3808 τοῦ

92 3855 107 3886 ν
124 3831 192 3904 μεθ’
214 3831 323 3904 ὅμιλον
348 3835 424 3902 παρὰ
450 3835 478 3888 δὲ
497 3835 645 3905 Ζηνοδόσῳ
668 3836 737 3904 μεθ’
762 3835 875 3904 ὁμίλου·
900 3837 944 3888 καὶ
969 3835 1055 3904 λόγον
1078 3831 1132 3902 ἔχοι
1156 3829 1217 3886 olori

94 3917 139 3968 σοι’·
157 3911 209 3974 ἔξω
226 3911 329 3982 ὁμίλου.

143 3997 253 4044 Οσιπσσ,
269 3999 360 4044 Studien
374 4001 416 4044 lx..
996 4003 1011 4054 9
